3067 4867
332 168 406 241 998
573 169 773 234 sinuum!
809 165 1193 234 nnmtnvsnslottss

330 343 473 409 dicantur
500 341 532 406 in
555 357 675 405 nmmo
705 339 758 404 vd
780 338 1165 426 sigiliopiurnbeo,t1usd
1187 335 1270 422 apnd
1291 339 1421 422 apellem

331 429 484 493 Gualdum
511 427 627 490 Romae
653 422 776 488 videret
805 423 884 488 idern
915 423 1098 493 llolsteniru.
1155 423 1236 505 qaod
1266 441 1343 486 vero
1377 425 1424 488 rit

224 500 231 520 '
330 510 613 593 Porphyrogenihrs
628 508 753 571 Naisum
781 511 915 588 patriam
936 505 1128 570 comtantini
1152 505 1258 586 magni
1277 525 1367 582 esse,
1389 507 1423 572 id

329 595 469 660 hausisse
494 593 617 657 ridetur
646 610 687 656 ex
715 590 875 671 Stephano
905 589 1074 671 Byzantio,
1095 591 1148 673 qui
1167 591 1274 654 moen
1294 590 1421 668 scribit3

329 678 468 763 quamvis
499 678 538 738 de
571 675 674 757 patria
694 673 888 737 Constantini
909 673 1015 755 magni
1043 674 1255 737 controuersia
1275 674 1318 736 sit
1338 674 1422 736 inter

328 763 527 843 nemorosa
542 759 598 824 alii
622 759 734 842 quippe
754 775 823 822 earm
852 763 958 823 nahum
977 757 1073 822 tuisse
1095 759 1182 821 aiunt
1199 757 1285 822 Naisi
1306 757 1421 840 oppido

328 846 454 924 Daciae,
474 842 530 907 alii
552 843 656 920 Transi,
677 841 733 904 alii
754 841 891 923 Drepani
912 841 1076 918 Bithyniae
1108 841 1185 917 urbe
1214 841 1255 904 ad
1281 841 1422 904 Nicone

328 930 464 997 diensem
483 928 596 1003 sinum,
612 925 670 1007 alii
689 943 764 988 uero
786 925 820 988 in
836 925 958 1000 Galliis,
981 925 1035 990 aiii
1057 923 1185 1008 denique
1206 923 1420 988 inBritanuia.

410 1016 461 1086 56,
481 1017 513 1073 7.
550 1000 746 1083 Panamara]
789 1009 835 1071 sic
864 1007 1055 1072 exllierorle
1075 1009 1217 1071 emendo:
1237 1026 1310 1072 uam
1331 1025 1423 1088 prac-

327 1101 377 1159 ter
393 1094 565 1158 Hieroclem
587 1092 719 1157 habewr
738 1087 929 1156 Βααίςίαηα
949 1091 982 1154 in
1002 1091 1147 1154 Antonini
1171 1091 1345 1154 ltinererio.

411 1175 494 1241 thid
514 1182 545 1241 8.
587 1172 727 1252 ἐπαρχία
744 1173 784 1257 τῇ
802 1175 940 1259 παλαιᾷ]
963 1175 1049 1238 locus
1070 1182 1239 1255 corruptus,
1260 1175 1293 1235 ni
1317 1173 1422 1247 lailot,

328 1265 361 1324 et
380 1259 431 1324 hic
452 1267 483 1323 et
503 1259 583 1341 apud
604 1259 785 1339 Hieroclem,
812 1259 864 1322 ubi
883 1259 928 1321 sic
947 1256 1082 1340 legitur:
1112 1255 1251 1334 ἐπαρχία
1273 1254 1313 1336 τῇ
1333 1251 1420 1333 παρα

327 1384 366 1404 ..
388 1385 398 1403 .
423 1336 512 1404 ,ὕπὸ
534 1336 741 1419 κοααιλάριαα.
785 1359 865 1425 puae
887 1343 932 1405 sic
951 1339 1127 1406 llolstenius
1148 1342 1373 1422 interpretatur
1387 1357 1424 1402 ac

327 1428 487 1491 emendat:
509 1429 684 1509 procincta
705 1430 863 1510 quaeest
884 1424 928 1489 ad
950 1471 1058 1490 .....
1081 1426 1205 1506 (nempe
1225 1424 1335 1506 τὸρααι
1351 1419 1424 1486 Du-

326 1506 425 1591 notu,
447 1515 553 1592 estque
572 1509 672 1574 Dacia
691 1507 851 1593 Ripensis)
873 1507 934 1572 etth
954 1507 1134 1574 somniari.
1180 1507 1279 1570 etita
1301 1508 1423 1568 fortas-

326 1594 369 1656 sis
389 1594 553 1676 legendum
577 1593 670 1658 etiarn
690 1593 750 1660 hic.
792 1593 885 1657 urbes
898 1599 999 1656 autern
1017 1593 1092 1656 illae
1112 1590 1244 1674 quinque
1264 1607 1333 1652 curn
1344 1589 1424 1651 Dar·

325 1677 438 1741 danne
458 1677 556 1740 tribus
575 1677 751 1741 Pannoniae
771 1677 891 1741 duabus
911 1682 1110 1738 recensentur
1129 1675 1169 1737 ab
1184 1673 1338 1738 Hierocle.

408 1759 566 1826 lltd1t.
604 1754 780 1840 ‘mornay
813 1758 1005 1823 scribendum
1027 1767 1101 1841 puto
1127 1749 1291 1834 Ἱλλυρική,
1311 1763 1348 1818 ut
1370 1756 1424 1819 ha-
1500 1805 1501 1812 ,

269 1904 273 1912 .
323 1843 378 1907 het
394 1842 568 1925 Stephanus
586 1843 769 1921 Byzantius.
813 1842 1038 1920 Dyrrhachium
1066 1847 1167 1906 autem
1188 1841 1296 1902 urbem
1319 1839 1425 1916 lllyri-

325 1946 392 1991 raru
413 1928 509 1992 luisse
535 1935 566 1990 et
597 1929 670 1991 olirn
690 1927 893 2010 Epidamnum
921 1927 1033 1990 dictam
1060 1925 1168 1988 scribit
1192 1931 1225 1985 et
1244 1923 1330 1986 blela
1352 1927 1422 1985 23

325 2010 364 2072 de
381 2009 564 2088 Dynhaehii
585 2011 647 2073 situ
664 2011 737 2073 vicie
753 2010 797 2072 lo.
818 2010 920 2074 vossii
942 2009 1172 2073 ohservationes
1195 2006 1235 2070 ad
1257 2007 1377 2070 bledam
1397 2013 1424 2066 et

323 2095 384 2156 lae
405 2094 547 2156 Palmerii
564 2094 801 2174 descriptionem
821 2093 957 2174 illyrici,
976 2093 1047 2172 ubi,
1068 2097 1195 2174 praeter
1213 2089 1302 2153 urbis
1323 2090 1423 2163 situm,
1500 2157 1501 2162 ,

322 2177 500 2239 conditores
522 2177 614 2238 etiam
638 2195 679 2260 ac,
696 2176 909 2239 memorabilia
937 2176 1033 2238 fusius
1054 2181 1341 2238 commemorantur.

421 2256 503 2321 thid
542 2254 730 2332 Ἐπίδαμνος
765 2257 918 2338 κληθεῖσα
947 2253 1007 2318 ὑπὸ
1046 2253 1258 2333 Ἐπιδάμνου]
1316 2257 1422 2320 eadem

324 2343 421 2406 terrae
447 2342 507 2404 Dio
536 2341 786 2406 cantuales.
838 2339 997 2423 Appianus
1028 2340 1258 2404 Alexandrinus
1289 2338 1423 2404 (trita
1500 2405 1501 2408 ,

323 2425 431 2490 scribit
451 2443 557 2507 regem
590 2425 741 2508 quendam
762 2425 966 2488 barbarorum
992 2424 1196 2507 Epidamnum
1216 2431 1422 2504 nuncupatum
1500 2441 1501 2444 ¹

323 2509 394 2573 urbi
413 2527 523 2572 nomen
544 2509 674 2571 dedisse.
728 2507 923 2585 Thucydides
948 2509 1172 2586 Dyrrhachium
1192 2525 1256 2568 uon
1275 2513 1419 2584 noverat
1500 2529 1501 2558 t

323 2611 392 2655 cuns
412 2594 451 2655 de
473 2593 644 2674 Epidamno
666 2590 806 2673 pluribus
824 2592 969 2674 loquatur
990 2592 1010 2656 l.
1027 2598 1056 2668 1,
1077 2590 1129 2654 uhi
1149 2590 1247 2653 tradit
1267 2589 1353 2652 hanc
1373 2607 1422 2651 nr·
1500 2621 1501 2670 l

323 2676 394 2740 bem
417 2675 642 2774 acoroyracis
671 2677 766 2738 missa
790 2674 913 2738 colonia
942 2673 1111 2751 conditam
1139 2674 1172 2738 id
1200 2673 1280 2756 quod
1306 2673 1422 2736 strato

325 2759 603 2906 pnoqffgi‘ttrcffgl
618 2763 785 2914 Iqlie'icocn]
812 2840 851 2902 de
878 2839 967 2904 huius
996 2847 1087 2922 patre
1113 2841 1196 2904 inter
1225 2840 1421 2921 mythologos

324 2941 389 2990 non
409 2926 561 2989 conuenit
604 2925 676 2988 ride
695 2923 839 3005 Apollod.
860 2924 882 2986 l.
903 2929 925 2985 2
947 2930 979 2986 et
1000 2924 1131 2989 Paulson.
1152 2925 1184 2988 in
1204 2923 1420 2986 Corinthiacis

409 3006 494 3073 1Μά.
534 2997 574 3088 ἦς
596 3005 731 3067 καὶτοῦ
753 3004 957 3076 Ποσειδῶνας
978 3001 995 3065 ὁ
1017 3001 1214 3086 Δυρραχιος]
1238 3007 1284 3070 sic
1306 3005 1421 3069 exste-

325 3089 428 3172 pbano
464 3091 680 3167 emendamus;
708 3107 749 3152 ex
777 3089 863 3152 cuius
891 3090 1012 3171 quidem
1043 3107 1138 3174 opere
1167 3092 1292 3172 integrus
1322 3089 1423 3152 hausit

326 3175 459 3254 scriptor
486 3180 593 3237 noster
623 3190 703 3254 quae
723 3172 773 3234 hic
802 3173 841 3234 de
868 3173 1062 3248 Dyrrhachio
1098 3174 1204 3238 tradit
1257 3189 1422 3254 perperam

326 3255 406 3317 enim
426 3257 542 3338 legitur
561 3253 613 3318 hie·
630 3257 665 3318 in
685 3274 748 3318 rnss
768 3255 1025 3338 Porphyrogeniti
1047 3244 1086 3335 ἧς
1109 3245 1238 3335 ἠράσθη
1251 3252 1422 3315 Ποσειδῶν

327 3329 346 3395 ὁ
369 3335 571 3416 denodatos,
588 3333 646 3420 co·
667 3327 714 3408 οἷς
736 3337 803 3399 ἔστι
825 3332 930 3408 τόπος·
986 3346 1021 3404 at
1040 3341 1176 3404 Thomas
1197 3341 1236 3402 de
1254 3337 1422 3402 Pinedoin

326 3419 409 3483 notis
432 3421 473 3483 ad
491 3420 679 3503 Stephanum
710 3421 791 3484 home
811 3421 961 3502 Stephani
989 3423 1089 3488 locum
1109 3422 1274 3486 emendare
1295 3429 1352 3487 aut
1369 3439 1423 3503 po·

326 3502 389 3564 tius
421 3522 618 3586 corrumpere
657 3513 787 3568 conamur
816 3505 1077 3590 Porphyrogeniti
1107 3507 1241 3570 lectione
1278 3524 1336 3568 seu
1368 3523 1425 3587 po-

326 3585 389 3646 tius
413 3588 533 3651 scribae
554 3589 673 3652 mendo.
717 3589 798 3671 pucd
819 3597 921 3652 autem
941 3590 1050 3654 scribit
1072 3590 1248 3674 Stephanus
1271 3593 1304 3651 et
1324 3607 1366 3651 ex
1387 3605 1423 3648 eo

326 3668 610 3764 Porphyrogenitns
638 3673 678 3735 de
705 3671 890 3750 Dyrrhachii
910 3673 1137 3755 appellatione,
1167 3674 1293 3737 fabulas
1321 3671 1423 3752 sapito

327 3755 430 3833 potior
449 3753 525 3816 hdes
540 3756 714 3819 adhibenda
735 3755 844 3835 Plinio,
863 3757 915 3839 qui
935 3763 1015 3820 323
1036 3759 1082 3822 ait
1099 3755 1328 3835 Dyrrhachium
1348 3771 1423 3836 prc-

327 3838 398 3915 pter
413 3835 636 3918 inauspicatam
658 3856 768 3902 nomen
781 3839 942 3920 Dpidamni
963 3841 1144 3904 aRornanis
1168 3838 1347 3904 escalonia
1370 3837 1424 3898 de-

328 3915 421 3981 ducta
438 3927 642 4016 nuncupatam
663 3923 768 3986 tuisse.
819 3922 926 3986 eadem
949 3924 1074 4002 Livius,
1097 3923 1348 4003 Strabo,ble1a.
1372 3939 1424 3982 co·

328 3999 399 4064 dcun
415 4001 537 4066 uidebor
564 4003 703 4068 alludere
722 4006 849 4070 Plautus
875 4007 909 4070 in
930 4007 1137 4073 Menaechmis
1163 4013 1225 4072 net
1244 4013 1266 4070 2
1286 4022 1371 4070 sceau
1395 4007 1422 4066 1.
