3067 4867
279 164 333 229 DE
360 160 698 229 Anmmsmtltno
729 160 897 227 ibiPFJiiO
929 160 1018 227 CAP.
1040 160 1091 227 45.
1168 156 1242 225 203

151 320 210 385 κατ’
229 312 325 390 arisbe
346 314 401 379 καί
421 315 452 379 οἷ
470 316 529 379 rori
557 316 666 397 γένους
695 314 798 379 αδτοδ
828 318 861 379 δν
888 318 927 402 τῇ
947 312 1062 379 τοότου
1083 309 1171 397 όρχῇ
1189 313 1245 374 καὶ

72 480 78 487 ,
151 416 298 501 ἐξουσίρ,
324 413 379 478 καί
404 415 443 478 οδ
462 415 650 497 μεταστήσει
668 410 709 480 τό
729 408 805 496 όρια
823 418 888 478 τῶν
914 409 1015 479 τόπων
1035 410 1136 476 ιιότοῦ
1158 408 1241 473 α’λλό

152 514 233 579 κατὰ
265 516 327 577 suiv
356 512 463 598 πριόην
492 516 651 595 βασιλέων
672 511 710 579 τό
733 510 894 600 σόμφοτνα
915 517 1034 595 στέρξει
1058 509 1115 573 καί
1129 532 1242 592 περαι·

151 618 235 694 aiom
257 609 301 695 μη
322 610 548 696 ὑπερβήσεται,
567 616 623 676 καί
642 608 694 677 ότι
716 612 791 676 οὐδὲ
812 608 947 677 κωλόσει
960 608 1242 691 ου’τόνκαταστρό.

127 720 217 792 tusas
243 708 302 795 τὴν
331 708 596 775 Θεοδοσιοόπολιν
619 712 675 775 καί
693 709 732 776 τό
762 708 856 775 λοιπό
878 708 1001 794 κόστρα
1020 710 1083 772 τοῖν
1105 707 1243 791 ἐχθρόν,

151 803 213 875 κόν
236 832 272 874 τε
292 806 346 874 διό
369 812 459 897 [τοῦ]
482 814 581 875 ου’τοιλ
611 810 710 892 μόνου
740 812 1043 893 πολιορκηθησονται
1068 800 1128 869 κόν
1147 828 1181 869 τε
1200 806 1245 867 δι’

152 910 256 975 αότοῦ
277 911 335 972 τοῦ
356 913 574 991 στρατοπέδου
594 908 692 993 ἡμῶν.
733 914 837 973 ταῦτα
863 913 924 989 μὲν
943 905 983 971 τό
1008 903 1169 991 κεφάλαια
1188 926 1244 967 πε-

152 1013 299 1092 ριέχουσι
319 1007 358 1072 τό
375 1004 622 1091 χροσοβοόλλιοι,
637 1011 670 1084 ἐξ
687 998 732 1073 ὧν
753 1008 905 1088 οὐδεμίαν
917 1003 1070 1089 βοήθειαν
1090 1003 1108 1068 ό
1131 1024 1244 1085 κουρο·

151 1107 296 1192 παλότης
312 1104 396 1189 ἔχει·
416 1106 452 1173 τό
461 1110 520 1189 μὲν
531 1106 590 1191 γόρ
603 1110 663 1171 τοῦ
679 1108 838 1187 πενθεροῦ
852 1105 943 1189 ἧμαῖν
953 1104 1131 1190 διαγορεύει
1145 1098 1193 1167 ότι
1205 1102 1248 1164 ου’

110 1230 145 1283 10
154 1204 418 1287 παρασαλεόομεν
437 1206 535 1273 αότόν
549 1210 584 1271 ἐκ
600 1210 663 1271 τῶν
678 1210 822 1271 παλαιῶν
835 1204 929 1289 όρίοον
944 1210 1000 1289 τῆς
1012 1204 1120 1287 χώρας
1134 1202 1245 1285 αότοῦ,

151 1307 209 1369 καί
229 1302 286 1389 ότι,
308 1304 365 1371 triv
386 1309 517 1394 δυνηθῇ,
541 1304 604 1371 εἴτε
625 1304 680 1371 καί
687 1304 783 1385 μόνος
793 1304 855 1370 εἴτε
867 1304 922 1371 κατ’
930 1304 1011 1387 μετὰ
1029 1308 1090 1368 τοῦ
1108 1324 1246 1385 στρατο-

151 1407 251 1469 πέδου
273 1401 379 1490 ἡμῶν,
401 1404 602 1491 πολιορκήσει
623 1404 679 1471 καί
699 1409 910 1489 καταστρέψει
929 1403 986 1488 τὴν
1009 1400 1246 1470 Θεοδοσιυόπο-

153 1510 203 1569 λιν
229 1507 286 1568 καί
315 1502 354 1569 τό
375 1504 469 1569 λοιπό
499 1508 623 1587 κόστρα
648 1508 710 1571 τοῖν
731 1508 878 1589 δχθροδν,
906 1506 983 1586 ου’χί
1014 1506 1050 1568 δὲ
1074 1510 1246 1582 κατασχεῖν

152 1600 238 1666 aristi
258 1604 304 1677 είς
326 1605 447 1669 τελείαν
466 1606 654 1670 δεσποτείαν
671 1607 726 1670 καί
746 1601 930 1689 κυριότητα·
972 1603 1058 1668 τόδὲ
1075 1606 1132 1684 τῆς
1151 1606 1243 1683 βασι-

110 1718 145 1771 15
155 1700 242 1775 λείας
263 1702 353 1783 ἡμῶν
374 1706 512 1787 περιέχει
536 1704 597 1783 ἵνα,
618 1700 711 1777 ὅσους
731 1696 773 1767 όν
792 1701 907 1778 τόπους
928 1705 1050 1788 δυνηθῇ
1069 1701 1124 1764 καί
1142 1697 1242 1773 αότός
1302 1772 1310 1792 ν

152 1798 245 1864 καίδ
273 1800 404 1881 ἀνεψιός
428 1797 562 1866 αδτοῦό
587 1798 760 1886 μόγιστρος
777 1800 958 1885 Ἀδραναση
984 1804 1019 1877 ἐξ
1047 1802 1163 1875 οἰκείας
1185 1802 1245 1862 δυ-

151 1901 278 1980 νάμεως
298 1898 516 1979 καθοποτόξαι
545 1904 607 1966 τῶν
625 1900 810 1984 Ἀγαρηνοόν
834 1892 857 1983 ἢ
884 1901 946 1963 δπό
977 1904 1036 1965 τοό
1064 1904 1121 1964 νῦν
1141 1904 1245 1962 καθυ-

152 1998 299 2083 ποτόξει,
331 2000 446 2085 κατέχῃ
468 1999 522 2063 ἐπί
541 2003 706 2085 δεσποτείρ
728 1999 783 2063 καί
800 1996 969 2084 κυριότητι.
1011 2002 1065 2063 καί
1086 1997 1156 2063 ε’πεό
1175 1991 1247 2061 οὔτε

152 2100 188 2175 ἐξ
208 2100 324 2173 οἰκείας
346 2096 508 2177 δυνάμεως
537 2096 595 2181 την
614 2096 877 2165 Θεοδοσιοόπολιν
905 2101 1142 2182 κατεστρέψατο
1174 2092 1246 2161 orire

107 2196 189 2275 2016
209 2190 355 2277 Ἀβνίκον
386 2190 462 2260 οὔτε
491 2196 527 2260 τό
550 2198 737 2275 Μαστότον,
761 2198 819 2261 osis
839 2196 959 2284 δρειλει
982 2203 1083 2263 ταῦτα
1105 2202 1249 2280 κατέχειν

153 2295 199 2369 ὥς
230 2289 307 2359 όντα
337 2294 429 2360 ἔνθεν
456 2298 514 2360 τοῦ
532 2288 629 2377 Ἔραξ
647 2301 797 2379 ποταμοῦ
816 2289 887 2383 ἦτοι
908 2303 967 2363 τοῦ
990 2298 1147 2382 Φάσιδος,
1169 2296 1248 2361 διότι

152 2392 190 2458 τό
214 2398 274 2477 μὲν
295 2398 430 2479 κόστρον
457 2398 515 2458 τοῦ
543 2396 687 2478 Ἀβνίκου
714 2402 813 2481 με’χρι
833 2399 890 2463 τοῦ
909 2403 965 2463 νῦν
985 2390 1023 2481 ἦν
1046 2397 1248 2475 αὐτεξούσιον

153 2493 210 2558 καί
229 2494 476 2577 αότυδίσποτον,
506 2490 581 2577 ἔχον
609 2494 692 2560 ἴδιον
717 2497 866 2580 όμηρᾶν,
892 2496 948 2561 κατ’
965 2495 1115 2569 πολλάκις
1132 2496 1150 2557 δ
1170 2492 1247 2570 λαός

152 2596 211 2679 τῆς
231 2595 397 2676 βασιλείας
423 2593 513 2677 ἡμῶν
533 2596 739 2677 ε’πραίδευσεν
766 2591 868 2661 αότό·
909 2592 991 2663 α’λλό
1010 2594 1064 2660 καί
1086 2590 1104 2659 ό
1124 2616 1246 2678 πρωτο·

224 2794 260 2849 at
277 2796 325 2863 τῆς
338 2799 480 2867 βασιλείας
498 2796 551 2849 add
570 2798 590 2849 Β

154 2967 856 3109 {stitititti*'tflittz’ttit‘tttsstt’ttt
867 2966 1248 3089 {ttittttittti‘tt'zt

155 3110 276 3163 exercitu
296 3117 397 3162 nostro.
434 3119 516 3181 atquo
535 3110 601 3162 haec
621 3110 731 3180 quidem
752 3126 891 3161 aurearum
909 3108 1044 3161 bullarum
1056 3124 1157 3161 summa
1171 3116 1249 3161 erant

155 3181 262 3249 cupita3
280 3198 350 3251 ριτεο
377 3182 549 3251 curopalatao
577 3180 706 3252 prodesse
732 3180 805 3231 nibil
822 3190 951 3250 possunt:
974 3198 1036 3232 nam
1065 3198 1135 3252 quae
1161 3181 1247 3231 soceri

153 3253 242 3303 nostri
265 3260 314 3314 est,
333 3268 365 3303 ea
386 3254 491 3311 sancit,
508 3268 543 3302 ττο
564 3253 682 3322 antiquis
710 3250 827 3303 dicionis
853 3270 916 3303 suae
934 3253 1056 3303 terminis
1077 3270 1138 3303 eum
1159 3250 1247 3303 dimo·

153 3338 283 3387 τινεστινες
312 3321 440 3393 quodque
459 3324 483 3375 Τ
485 3322 700 3393 hsodosiopolim
721 3330 748 3374 st
770 3323 886 3393 reliquas
904 3323 1023 3374 bostium
1042 3322 1121 3373 urbes
1138 3321 1183 3373 vei
1203 3340 1248 3375 so-

154 3394 209 3455 los,
226 3392 249 3443 si
268 3396 371 3464 possit,
389 3394 433 3445 vei
452 3411 511 3444 cum
527 3396 626 3445 nostris
645 3393 780 3445 militibus
797 3392 936 3445 obsidebit
955 3394 1180 3463 subiugabitque,
1200 3392 1249 3445 εειΙ

155 3462 307 3515 dominium
325 3481 355 3515 ac
372 3466 564 3533 proprietatem
585 3482 641 3516 non
663 3462 800 3516 retinebit.
836 3473 944 3515 nostrae
970 3474 1059 3516 sotem
1078 3482 1180 3515 summa
1197 3472 1248 3525 est,

154 3542 189 3585 ut
209 3536 391 3601 Agareaorum
410 3551 587 3605 quaecuuque
615 3536 675 3587 loca
699 3538 742 3587 vel
760 3536 819 3604 ipss
845 3536 889 3587 vei
918 3534 1003 3585 affinis
1020 3536 1105 3604 ipsine
1124 3537 1250 3603 magister

152 3604 294 3657 Adranase
311 3607 366 3657 suis
383 3606 468 3675 copiis
487 3606 619 3657 subiicere
636 3606 688 3659 sibi
708 3608 811 3677 poterit
828 3606 873 3657 sei
891 3604 925 3655 ab
943 3604 996 3655 boc
1013 3620 1102 3675 usquo
1120 3604 1165 3657 die
1182 3606 1249 3656 sub·

153 3677 259 3738 iecerit,
280 3692 372 3728 sorum
392 3685 422 3728 οι
437 3675 587 3729 dominium
606 3685 634 3729 et
651 3679 844 3747 proprietatem
875 3675 984 3727 babeat.
1023 3684 1051 3728 et
1077 3676 1249 3746 qnandoqui-

155 3746 218 3799 δοττι
242 3764 333 3819 περιτο
357 3748 412 3800 suis
439 3750 524 3817 copiis
552 3746 797 3817 Theodosiopolim
826 3747 990 3815 expugnavit
1008 3764 1098 3817 περιτο
1116 3747 1248 3798 Abaicum

155 3834 246 3888 περιτο
264 3819 417 3880 masuram,
435 3836 491 3871 ποπ
510 3818 609 3871 debeat
626 3834 658 3871 sa
677 3817 825 3888 possidere,
847 3826 942 3887 utpote
961 3834 1031 3889 quae
1049 3819 1087 3869 eis
1107 3819 1177 3869 Erax
1197 3817 1250 3867 flu·

155 3906 219 3941 men
236 3890 292 3941 sint
308 3891 364 3941 sire
382 3889 538 3953 Phasidem3
558 3899 614 3941 tum
632 3890 714 3940 etiam
732 3890 796 3957 quia
817 3887 946 3939 Abnioum
968 3888 1002 3939 sd
1020 3887 1183 3940 hodiernum
1201 3902 1249 3937 us-

155 3976 210 4028 ριτο
230 3958 303 4011 dism
321 3962 363 4011 sui
382 3960 446 4013 ioris
466 3961 557 4023 fuerit,
578 3961 743 4030 proprioque
762 3959 873 4010 domino
891 3974 988 4027 parens
1009 3969 1037 4012 st
1054 3974 1169 4009 amoram
1185 3974 1249 4025 pro-

155 4032 244 4099 prium
264 4030 374 4094 habens,
396 4032 494 4085 uostris
514 4048 707 4101 saepenumero
728 4029 798 4081 iiiud
819 4030 1022 4099 populantibus.
1059 4031 1247 4082 asmantiam
