3067 4867
350 347 421 427 276
696 356 1082 423 ANleDVERSlONFs

348 533 432 596 ribus
454 548 473 593 a
492 528 568 591 viris
585 528 683 591 doctis
703 528 763 591 iam
778 522 967 610 disputatum
983 536 1041 595 est
1081 526 1153 591 vicie
1165 524 1331 591 biartinun
1349 526 1440 591 llan-

225 660 233 673 .
347 616 430 679 lcinm
452 613 490 674 de
511 612 749 689 Byzantinarum
772 630 874 676 renum
893 612 1094 694 scriptoribus
1117 613 1201 691 115,
1232 610 1265 673 et
1284 610 1439 694 Duenngii

343 708 502 779 utrumque
522 696 723 759 Glossarium.

438 766 489 857 11',
513 784 541 841 1.
585 778 670 853 θέμο
703 778 809 841 varias
829 776 1081 875 significationes
1109 776 1246 855 obtinet,
1276 776 1332 839 secl
1362 778 1437 859 quiri

342 864 392 927 hic
414 864 567 945 significet
588 860 646 923 hoc
666 880 776 923 nomen
797 860 935 941 pluribus
957 860 1058 942 capite
1089 861 1229 943 sequenti
1248 860 1340 923 docet
1357 862 1436 923 Por·

340 946 569 1029 phyrngenitns.
613 961 718 1007 verum
740 944 813 1007 mihi
843 962 905 1005 non
926 944 1076 1025 probatur
1095 945 1177 1025 quod
1199 945 1245 1006 ait
1264 944 1436 1007 Vulcanius

339 1032 371 1094 in
392 1030 473 1092 uotis
490 1028 529 1093 ad
546 1027 625 1090 hunc
636 1027 895 1123 Porphyrogeniti
913 1026 1022 1105 locum,
1043 1023 1131 1103 θέμα
1146 1029 1353 1109 procinctam
1371 1046 1434 1091 non

339 1112 525 1195 significare,
545 1128 641 1192 neque
664 1110 859 1187 θεματικοος
884 1108 1114 1191 provinciales·
1158 1128 1229 1172 nam
1253 1110 1327 1172 licet
1346 1110 1435 1185 θέμο

339 1216 401 1259 non
418 1196 568 1276 significet
597 1196 749 1276 integram
778 1194 968 1274 provinciam
994 1211 1031 1255 eo
1054 1195 1144 1256 modo
1168 1212 1228 1291 quo
1247 1195 1334 1274 prius
1354 1194 1435 1256 cliri-

339 1298 404 1343 sum
425 1280 482 1340 brit
504 1279 536 1340 in
559 1294 612 1339 eas
627 1279 796 1341 Romanum
810 1276 978 1358 imperium,
998 1294 1067 1339 cum
1081 1278 1236 1357 quaelubet
1249 1296 1289 1339 ex
1308 1277 1349 1339 iis
1370 1278 1435 1339 dia-

338 1370 423 1425 secta
446 1362 538 1424 luerit
561 1362 593 1423 iu
612 1362 703 1441 plura
723 1359 858 1434 θέματα,
883 1366 986 1421 tamen
1005 1358 1132 1436 θέματα
1153 1360 1222 1439 ipsa
1239 1362 1435 1441 provinciae

338 1446 425 1528 quasi
445 1445 577 1507 minores
598 1443 773 1525 significant
794 1448 825 1503 et
845 1439 1015 1517 θεματικοί
1033 1440 1257 1524 provinciales
1277 1443 1434 1519 dicuntur,

338 1528 418 1612 quob
440 1546 501 1591 non
523 1528 621 1589 solum
636 1534 722 1607 patet
744 1544 785 1589 ex
799 1524 849 1587 his
869 1525 987 1587 duobus
1008 1525 1267 1609 Porphyrogeniti
1293 1524 1338 1589 cle
1361 1526 1434 1591 tte-

336 1608 477 1676 mantus
509 1610 598 1673 libris
627 1610 793 1671 sedetiam
814 1626 855 1671 ex
886 1608 957 1670 aliis
977 1608 1126 1673 historiae
1139 1608 1333 1687 byzuntinae
1353 1610 1434 1673 scri·

336 1695 484 1777 pleribus.
527 1693 599 1756 viole
619 1691 772 1773 Ducangii
795 1690 898 1754 (ileos.
920 1690 1032 1755 Graec.

420 1775 503 1843 ibid.
527 1782 576 1839 10.
619 1766 843 1854 κερουνοβόλος
864 1774 1061 1855 interpretati
1082 1791 1184 1837 sumus
1204 1769 1433 1853 fulminaris),

337 1862 368 1925 lu
391 1868 447 1937 est,
472 1861 571 1940 legio;
593 1860 703 1941 quippe
726 1858 858 1938 legionis
880 1857 1095 1919 tulminatricis
1114 1858 1225 1920 mentio
1246 1862 1385 1921 occurrit
1401 1862 1433 1922 in

338 1946 468 2028 quinque
501 1942 764 2023 inscriptionibus,
787 1958 863 2022 quas
886 1943 1006 2023 profert
1031 1941 1123 2002 lanus
1146 1941 1309 2004 Gruterus.
1354 1960 1433 2024 qne

338 2036 438 2091 autem
466 2027 550 2107 legio
581 2026 612 2087 in
646 2024 727 2085 hisce
763 2022 1010 2105 inscriptionibus
1041 2033 1073 2085 et
1103 2024 1194 2085 ctiam
1222 2026 1299 2087 alibi
1319 2024 1433 2089 «licitur

338 2108 561 2191 fulminantur,
583 2108 614 2169 iu
627 2108 743 2169 Notitia
764 2107 946 2185 dignitatum
966 2106 1085 2187 imperii
1100 2107 1233 2169 (trientis
1254 2110 1431 2187 appellatur

339 2190 499 2273 fulmineo
517 2190 577 2253 sic:
598 2187 836 2271 praefecturae
851 2188 989 2271 leptonts
1010 2188 1219 2253 wodecim
1230 2188 1430 2265 ram

339 2271 528 2341 Melitenoe.
545 2274 624 2334 unte
636 2272 784 2333 ilenricns
794 2271 935 2334 Valesius
944 2273 1067 2335 Eusebii
1082 2274 1257 2336 Ecclesiast
1281 2274 1356 2337 bist.
1375 2279 1432 2338 55

240 2410 243 2415 ,
333 2347 476 2435 ‘berscire
512 2351 741 2433 κεραυνοβόλον
781 2352 937 2436 leyionem
965 2353 1157 2435 fulmineam
1188 2357 1428 2437 interpretatum

336 2448 498 2523 monetque
519 2438 550 2500 in
572 2437 820 2501 annotationibus
839 2440 878 2499 ad
901 2441 1028 2501 eundem
1049 2440 1173 2502 llusebii
1193 2440 1294 2502 locum
1315 2461 1428 2518 κεροο.

336 2516 465 2599 οοβόλοο
484 2518 675 2603 substineant
694 2521 956 2602 interpretandum
979 2540 1056 2601 ease,
1079 2542 1141 2584 non
1159 2518 1426 2601 felnmnutricen,

337 2612 372 2670 nt
394 2606 568 2688 onuphrius
591 2612 622 2667 et
643 2604 788 2687 Scaliger
809 2606 931 2686 aliique.
975 2606 1030 2668 scd
1047 2606 1117 2669 falli
1139 2606 1295 2669 valesium
1316 2608 1376 2671 hac
1396 2608 1426 2669 iu

336 2708 372 2753 re
392 2708 480 2752 nemo
510 2706 572 2751 non
601 2688 700 2750 vilet:
731 2706 803 2749 nam
831 2687 1044 2769 inscriptiones
1085 2688 1206 2751 omnino
1240 2690 1426 2753 contrariu·
1456 2685 1464 2697 ”
1503 2751 1504 2772 ,

338 2774 457 2836 docent.
500 2778 531 2833 et
553 2772 701 2833 firlminea
722 2770 825 2851 itaque
846 2778 877 2831 et
897 2772 1087 2835 tulminatrix
1115 2772 1199 2854 legio
1221 2773 1280 2835 illa
1297 2776 1367 2850 ΧΠ,
1387 2774 1424 2835 ab
1502 2815 1503 2842 ,

337 2856 479 2941 Augusto
499 2855 638 2917 instituta
662 2860 693 2915 et
715 2873 735 2916 a
754 2854 944 2933 Vespasiano
974 2855 1160 2935 imperatore
1178 2857 1211 2917 in
1230 2856 1426 2939 Cappadocia

336 2942 449 3017 locata,
472 2944 647 3020 nunmpats
667 2936 751 2999 brit*
775 2946 906 2997 crtemm
929 2937 1009 3017 quod
1030 2938 1075 3000 ait
1088 2938 1237 3001 Eusebius
1258 2940 1327 3016 11,
1348 2940 1425 3003 banc

336 3024 489 3105 legionem
518 3015 745 3099 κεραυνοβόλου
774 3020 960 3100 appellatam
988 3020 1084 3082 baisse
1114 3022 1304 3085 bihutonino
1335 3025 1423 3104 impe

337 3114 436 3185 rante,
456 3104 537 3186 quod
559 3120 625 3163 cum
649 3104 798 3165 adversus
814 3103 985 3165 Germanos
1005 3114 1037 3165 et
1057 3104 1219 3169 Sarmatas
1236 3113 1424 3188 puguaturus

337 3190 433 3253 aciem
453 3188 620 3249 instrueret
643 3192 673 3245 et
690 3185 739 3245 siti
766 3204 832 3246 cum
853 3187 990 3249 exercitu
1010 3188 1218 3263 contineretur,
1242 3190 1423 3270 precibma

337 3270 461 3334 Christo
485 3268 618 3349 pluviam
642 3268 725 3349 legio
751 3268 815 3346 illa,
836 3286 913 3351 quae
937 3269 1114 3333 Christiana
1143 3279 1221 3351 erat,
1241 3272 1423 3353 impetrarit,

337 3360 369 3417 et
392 3350 549 3415 fulminum
569 3352 651 3415 iactu
675 3352 805 3412 hostium
829 3351 935 3433 copiae
954 3353 987 3414 in
1007 3354 1112 3433 iungam
1132 3372 1243 3417 versae
1266 3373 1304 3418 ac
1326 3354 1422 3417 extin-

336 3444 405 3500 ctae
425 3438 531 3509 fuere,
553 3434 724 3496 iamdudum
744 3434 861 3496 monuit
889 3433 1034 3516 Scaliger
1055 3437 1088 3498 in
1109 3438 1422 3501 animadversionibus

337 3517 518 3583 Eusebianis
538 3518 691 3599 legionem
713 3518 945 3580 lirlminatricem
967 3518 1007 3580 ah
1024 3518 1084 3580 boc
1102 3520 1250 3583 miramlo
1270 3539 1423 3601 unumpa-

335 3610 399 3665 tam
420 3620 482 3663 non
502 3602 607 3679 fuisse,
628 3600 738 3681 quippe
758 3618 838 3681 quae
860 3600 911 3661 diu
933 3606 1006 3662 ante
1024 3608 1164 3683 tempora
1179 3604 1359 3666 hlhntonini
1380 3604 1424 3665 ita

336 3690 448 3749 vocata
467 3684 569 3747 fuerit.
611 3683 701 3745 (locet
724 3684 754 3745 itl
785 3684 945 3745 manifeste
963 3684 1021 3746 hio
1044 3685 1171 3750 Cassius
1191 3687 1214 3750 l.
1234 3692 1286 3764 55,
1307 3686 1359 3749 nbi
1378 3688 1423 3747 le·

335 3766 863 3929 tltttlltlllllltllll
877 3769 1168 3933 elffii:
1182 3770 1424 3919 eallhelm

335 3933 489 4016 philinus,
519 3930 570 4012 qui
598 3927 826 4008 κεραυνοβόλου
852 3931 1005 4014 legionem
1032 3934 1120 3996 illam
1140 3938 1328 4019 appellatam
1357 3952 1423 3996 esse

336 4018 381 4080 sit
400 4016 439 4078 oh
462 4014 641 4076 miraculum
662 4015 737 4077 illul
783 4014 843 4075 uod
872 4016 965 4095 paulo
988 4019 1128 4097 superius
1148 4037 1189 4084 ex
1207 4020 1342 4083 Eusebio
1361 4026 1422 4080 ret·

335 4100 475 4174 lulimuS,
496 4104 531 4159 ut
551 4101 659 4177 putant
679 4097 738 4161 viri
760 4032 850 4160 joco.
872 4116 902 4159 r.
926 4099 1029 4162 Valcs.
1053 4100 1075 4163 l.
1097 4101 1119 4165 l.

418 4178 501 4246 ren
515 4186 564 4244 ιο.
607 4169 687 4260 tnta
709 4178 950 4262 nappaeae]
972 4182 1006 4247 m
1027 4184 1147 4249 nonna
1165 4184 1352 4267 uigninun
1371 4154 1424 4245 {a
