3067 4867
444 298 502 367 DE
526 298 799 369 menemus
823 299 905 369 uu.
928 298 970 369 11.
1207 304 1257 373 ts

156 475 209 539 ιιαλ
220 476 431 558 μαρτυροῦσιν
447 470 527 537 αὐτὰ
540 472 581 537 τά
598 467 735 553 όνόμοτα
754 477 818 537 τῶν
831 470 957 551 πόλεων,
983 469 1004 555 ἦ
1017 496 1048 537 τε
1065 474 1257 559 Μεσημβρέα

158 573 247 660 καὶ-ἧ
264 577 464 663 Σηλυμβρέιι,
497 576 648 658 βασιλέοιν
667 576 872 663 προσηγορίας
892 574 1015 659 έχουσαι
1031 574 1133 653 πόλεις
1151 574 1258 663 πρλνῆ

158 678 219 763 τήν
228 685 291 745 τῶν
299 675 458 760 Ῥωμαίων
465 681 625 760 βασιλείαν
636 678 812 763 αόξηθῆναέ
821 704 854 745 τε
863 680 912 744 καλ
922 681 1102 766 διαδραμεῖν
1110 676 1208 746 πάντα
1217 681 1257 745 τὰ

155 791 215 849 τοῦ
228 779 345 866 κόσμου
360 780 562 869 πληρώματα.
615 781 676 871 ἀφ’
695 773 733 847 οὗ
745 782 806 870 γὰρ
823 780 844 867 ἦ
858 790 920 849 τῶν
937 778 1094 863 Ῥωμαίων
1108 782 1187 869 ἀρχὴ
1201 782 1257 867 τὴν

131 884 271 969 ςὲαυτῆς
296 883 430 971 σαγήνην
458 884 628 968 έξήπλωσεν
653 888 696 963 εἰς
716 884 816 952 πάντα
835 888 875 951 τά
894 892 951 952 τοῦ
972 884 1088 969 κόσμου
1110 886 1256 969 τέρματα,

152 987 275 1065 πάντας
287 986 330 1066 uic
344 991 437 1054 eineis
450 990 622 1054 διεσκέδασε
637 992 687 1054 καλ
701 988 920 1071 μετεσκεύασεν
933 993 975 1066 ελς
985 991 1059 1071 μέαν
1072 988 1180 1073 ἀρχήν,
1206 992 1257 1055 καλ

154 1093 247 1178 ζυγὸν
265 1091 419 1177 η’νόγκασε
439 1097 534 1157 τελεῖν
558 1092 610 1157 ἵνα
632 1092 758 1170 πάντας.
808 1093 978 1181 ἀρξαμένης
997 1094 1031 1159 δέ
1051 1098 1106 1177 τῆς
1125 1091 1258 1178 σαγήνης

154 1193 365 1279 διασήπεσθαι
380 1198 431 1260 καὶ
447 1193 708 1282 διαρρήγνυσθαι,
741 1194 844 1275 ἄλλως
858 1200 909 1263 καλ
923 1196 961 1263 τιλ
976 1193 1141 1281 πράγματα
1153 1200 1204 1261 καὶ
1217 1195 1257 1264 τά

154 1299 294 1382 όνόμιιτιι
305 1296 561 1383 μετεποιήθησαν.
611 1300 742 1386 έπαρχόα
759 1300 793 1365 δέ
809 1298 935 1392 Θρᾴκης
953 1296 1012 1387 ὑφ’
1036 1297 1168 1385 ἡγεμόνα
1193 1300 1255 1365 έτέ-

113 1427 251 1483 ςοτακτο
271 1406 323 1466 καὶ
339 1398 399 1467 rinei
419 1402 473 1467 τδν
494 1401 655 1487 λεγόμενον
671 1400 883 1489 κυνσιλιάριον,
916 1404 1052 1469 τουτέστι
1071 1400 1255 1485 βουλευτήν·

158 1512 285 1592 Ταῦρος
313 1507 373 1591 γὰρ
401 1503 580 1583 όνθόπατος
601 1504 719 1592 έκράτει
741 1512 798 1591 τῆς
823 1504 950 1599 Θρᾴκης
972 1508 1020 1571 tut
1043 1514 1099 1571 ruti
1119 1502 1256 1593 μεγάλου

155 1611 400 1687 Κωνσταντένου,
419 1608 496 1692 έχων
507 1606 567 1699 ὑφ’
583 1606 692 1675 έαυτδν
703 1606 805 1689 πόλεις
819 1606 872 1697 ὕφ’
889 1606 1022 1697 ἡγεμόνα
1035 1612 1086 1674 καλ
1102 1606 1255 1675 κονσιλιά-

156 1738 225 1798 ριον
237 1711 291 1797 κγ’.
324 1714 522 1795 διασαπεέσης
536 1714 570 1777 δέ
581 1720 636 1796 τῆς
648 1710 799 1797 σαγήνης,
826 1711 867 1791 ὥς
884 1714 1014 1795 εἴπομεν,
1036 1716 1085 1777 καλ
1101 1719 1163 1777 τῶν
1174 1720 1257 1800 βαρ-

154 1813 263 1901 βάρων
277 1814 534 1901 έκπορθησάντυνν
548 1816 603 1893 τάς
618 1813 735 1893 πόλεις,
762 1818 805 1892 εἰς
818 1818 913 1903 μικρὰ
929 1814 1073 1898 τμήματα
1090 1818 1220 1903 διῃρέθη
1236 1812 1256 1897 ἦ

111 1926 214 2003 ςςτῆς
230 1917 356 2009 Θρᾴκης
372 1917 472 2004 ἀρχή·
500 1919 567 2003 ήτε
580 1918 640 2005 γάρ
656 1920 834 2003 Βουλγαριά
850 1922 901 1983 καλ
917 1920 1010 1996 αὐτὸς
1028 1916 1044 1984 ὃ
1060 1917 1185 2003 Ἴστρος
1206 1921 1258 1983 καλ

154 2022 192 2087 τό
209 2020 398 2109 περιώνυμον
413 2022 485 2108 ὄρος
499 2022 533 2087 τὸ
554 2026 660 2105 διῆκον
679 2020 752 2107 άχρι
770 2030 826 2088 τοῦ
841 2020 984 2101 Πόντου,
1019 2021 1055 2087 τό
1072 2020 1258 2103 καλούμενον

153 2122 276 2208 Αἶμος,
301 2134 357 2209 τῆς
374 2122 500 2216 Θρᾴκης
514 2128 571 2190 rtet
586 2126 683 2209 μέρη,
716 2128 780 2190 νυνὶ
802 2126 836 2190 δέ
860 2124 1007 2214 ἀλλότρια
1026 2126 1257 2209 χρηματίζουσι.

152 2230 192 2295 τό
214 2232 248 2293 δὲ
267 2237 323 2312 τῆς
343 2228 469 2319 Θρᾴκης
497 2231 582 2311 θέμα
602 2225 663 2293 uini
683 2229 886 2309 τὸνβασιλέα
907 2224 1256 2305 Κωνσταντιιουπόλευνς

153 2334 296 2397 έτέτσκτο
317 2336 368 2397 καὶ
393 2335 435 2409 εἰς
455 2328 622 2418 ὖποοργιάν
643 2332 738 2396 αὐτοῦ
757 2330 953 2415 ἐχρημάτιζε,
986 2336 1036 2397 καλ
1062 2332 1181 2396 οὐδέπω
1209 2356 1256 2408 τις
1272 2346 1294 2400 P
1311 2348 1343 2403 21

106 2436 326 2519 murumqybg
339 2428 378 2518 ἦν
390 2437 421 2501 έν
435 2435 529 2523 αὐτῷ.
562 2434 621 2522 ἀφ’
639 2426 677 2500 οὗ
695 2436 730 2499 δέ
743 2436 779 2501 τὸ
795 2438 981 2519 θεομέσητον
993 2442 1055 2503 ebir
1070 2432 1257 2521 Βουλγάριυν

153 2540 248 2615 ἔθνος
261 2537 436 2624 ἐπεραιώθη
459 2540 500 2615 εἷς
520 2539 574 2603 τὸν
592 2537 717 2624 Ἴστρον
733 2536 881 2621 ποταμόν,
907 2538 975 2605 τότε
990 2542 1042 2604 καλ
1058 2536 1150 2615 uteba
1163 2544 1256 2621 βασι-

154 2642 226 2718 λεὺς
245 2640 429 2726 ἠναγκάσθη
451 2642 503 2707 διὰ
520 2642 577 2720 τάς
595 2641 763 2727 έπιδρομάς
779 2648 840 2707 τῶν
855 2645 990 2709 Σκυθῶν
1007 2643 1056 2707 καλ
1074 2642 1176 2707 αὐτῶν
1193 2647 1256 2706 τῶν

154 2743 344 2831 Βουλγάριυν
365 2748 408 2821 εἷς
424 2747 561 2829 θέμάτος
575 2743 660 2823 τάξιν
677 2748 799 2831 ἀγαγεῖν
816 2744 955 2811 αὐτὸκαὶ
969 2743 1138 2834 στρατηγὸν
1152 2744 1184 2808 έν
1199 2744 1256 2810 αὖ·

224 2887 436 3029 ρήιεὲκεόατεῖ
509 2884 576 2944 brui
594 2883 723 2956 ὀνόματα
739 2884 786 2941 sni
802 2883 839 2941 τιλ
856 2884 1047 2957 κςάγματαῦ
1115 2891 1147 2947 tt
1167 2885 1256 2953 αὐτὸς

224 2978 240 3014 o
278 2996 287 3011 .

151 3086 210 3133 tum
226 3076 385 3132 Mesembria
401 3084 455 3131 turn
471 3075 636 3145 Selymbria,
664 3092 734 3161 qnae
756 3072 879 3129 civitates
896 3090 912 3129 s
929 3074 1037 3145 raptus
1053 3075 1256 3147 eppeliutiouenr

153 3149 295 3215 babebant,
312 3146 463 3217 prinsquam
479 3148 651 3200 Romanorum
666 3145 805 3216 imperium
819 3152 920 3199 suctum
937 3146 1033 3199 fuisset
1049 3155 1077 3199 et
1093 3164 1182 3199 ornnes
1199 3156 1255 3201 ter-

151 3234 241 3271 rarum
264 3217 330 3270 finer
354 3215 537 3286 percurrisset.
572 3216 669 3269 etenim
686 3232 720 3269 ex
735 3231 788 3284 qno
805 3214 979 3267 Romanorum
996 3215 1160 3286 principatus
1178 3233 1255 3285 euge-

151 3304 214 3340 nam
231 3303 305 3339 snum
328 3288 362 3338 ad
386 3302 475 3338 omnes
498 3284 586 3338 muudi
610 3285 707 3339 limites
732 3285 873 3355 expandit,
903 3294 1027 3352 cunctus,
1060 3296 1090 3339 ut
1105 3287 1142 3338 itu
1159 3286 1254 3352 dicam,

151 3357 282 3425 dispersit
305 3363 333 3407 et
358 3355 391 3408 ati
416 3371 494 3407 unum
516 3355 652 3425 imperium
675 3354 781 3407 reduxit
804 3372 836 3406 ac
858 3354 946 3423 iugum
964 3368 1040 3407 unum
1058 3355 1147 3409 subire
1165 3372 1255 3409 omnes

151 3427 252 3494 coegit.
287 3442 377 3478 rernm
395 3442 453 3477 curn
469 3442 569 3493 sagene
584 3424 658 3478 rimis
674 3424 800 3478 fatiscere
817 3440 848 3476 ec
864 3424 991 3495 perfringi
1004 3425 1101 3493 coepit,
1118 3425 1168 3477 ianr
1180 3424 1256 3490 varie

150 3504 182 3549 et
197 3512 242 3547 res
259 3503 289 3547 et
305 3496 409 3547 nomina
425 3502 582 3546 commutata
598 3503 669 3547 sunt.
688 3494 853 3562 praefectura
868 3505 953 3546 auteur
966 3491 1098 3545 'l'hraciae
1115 3496 1163 3547 sub
1181 3494 1256 3547 ducis

150 3582 185 3619 ac
203 3564 348 3616 consiliarii
365 3572 497 3634 potestate
513 3562 656 3616 constituta
669 3570 719 3615 est.
756 3562 862 3615 Taurus
876 3562 975 3631 quippe
991 3563 1130 3632 proconsul
1150 3564 1257 3616 obtine-

150 3637 201 3688 bnt
216 3632 359 3686 Thraciam
382 3633 544 3702 temporibus
568 3630 738 3685 constantini
760 3632 863 3701 magni,
889 3643 982 3684 tenens
1005 3632 1053 3683 sub
1078 3632 1183 3685 dicione
1208 3648 1257 3687 rua

151 3704 235 3755 nrbes
257 3710 314 3755 tres
337 3710 366 3755 et
388 3702 593 3787 quinquaginta,
616 3717 632 3752 a
652 3701 718 3755 duce
741 3710 770 3754 et
794 3700 945 3755 consiliario
969 3700 1171 3754 administretur.
1208 3700 1257 3755 sed

150 3789 212 3824 cnm
229 3788 345 3839 segent,
368 3778 398 3823 ut
416 3772 487 3837 dixu,
507 3773 588 3824 rimas
605 3770 728 3837 fecisset,
754 3770 863 3824 urbibus
881 3788 897 3823 a
914 3770 1032 3822 berbarir
1050 3769 1206 3839 expugnatis
1224 3788 1256 3823 nc

149 3840 266 3907 dirutis,
291 3840 424 3893 Thraciae
450 3840 586 3910 imperium
609 3840 637 3892 iu
662 3840 758 3907 exigua
779 3848 914 3907 segmenta
936 3840 1048 3892 divisum
1074 3848 1124 3891 est.
1159 3840 1256 3892 etenim

149 3910 278 3977 Bulgurie
296 3921 323 3963 ct
341 3910 409 3962 ister
426 3910 523 3963 fluvius
541 3920 568 3963 et
584 3926 657 3962 mous
675 3908 850 3977 percelebris,
875 3908 991 3962 Haemus
1009 3918 1180 3977 nuncupatus,
1209 3907 1256 3976 qui

149 3996 237 4047 usque
255 3981 288 4034 ad
306 3982 418 4033 Pontum
436 3980 566 4049 pertinet,
594 3977 728 4031 Tbruciae
745 3988 833 4048 partes
851 3978 974 4041 fuerunt3
1000 3994 1068 4030 nunc
1085 3988 1170 4031 autem
1191 3976 1256 4030 elie-

150 4066 206 4101 nac
222 4062 253 4100 ac
269 4049 404 4101 seiunctae
420 4058 492 4101 suut.
535 4057 649 4101 ceterum
666 4047 800 4100 Thraciuc
818 4048 904 4100 therua
921 4050 969 4101 sub
987 4045 1145 4117 imperatore
1163 4046 1255 4117 Cpuli-

149 4129 217 4171 tnno
239 4120 409 4171 constitutum
433 4126 514 4185 atque
540 4118 573 4171 ad
598 4118 656 4170 eins
673 4116 732 4169 iura
750 4126 779 4170 et
796 4116 940 4169 ministeria
957 4116 1090 4169 reductum
1109 4124 1181 4181 erat,
1207 4132 1256 4169 neu

150 4187 222 4240 ultor
239 4204 352 4257 nuquam
370 4194 480 4257 praetor
495 4187 523 4239 in
541 4203 575 4240 ea
591 4188 695 4240 fueret:
723 4193 752 4239 at
775 4203 809 4238 ex
826 4202 878 4255 quo
895 4184 999 4238 infensa
1015 4186 1065 4237 den
1084 4185 1254 4253 bulgarorum

150 4256 228 4309 natio
244 4256 277 4309 ad
294 4258 390 4310 istrum
405 4256 514 4309 fluvium
531 4256 647 4323 traiecit,
662 4264 727 4308 tnnc
741 4254 819 4309 etiarn
837 4254 981 4324 imperator
996 4254 1055 4324 ipse
1072 4268 1177 4306 euectus
1194 4254 1255 4323 fuit,

149 4327 190 4380 ob
207 4325 327 4380 incursus
344 4335 372 4380 et
389 4326 575 4397 inpressiones
591 4325 749 4395 Scytharum
767 4336 796 4378 et
812 4323 927 4397 ipsorum
944 4322 1127 4394 fitigaturum,
1144 4324 1177 4377 ati
1194 4324 1254 4379 tbe-
