3067 4867
178 302 210 353 '·
299 336 340 397 ιιι
362 332 633 421 consulamur
654 332 803 397 rouro.
823 335 878 397 on
894 333 1017 397 rum.
1046 334 1080 397 ι.
1101 334 1126 395 ι.
1185 325 1258 395 285

252 509 303 585 30,
323 504 354 567 ἁ
381 498 578 583 ’Δύιλιβροή
600 508 646 569 sic
664 505 692 568 A
711 510 742 567 et
762 505 895 567 Nicetas.
919 506 953 567 in
973 502 1164 568 summam
1181 502 1260 569 laec

168 588 274 653 cadem
294 589 367 649 urbs
389 588 500 650 dicitur
518 582 695 667 Δούύβρος.

253 668 335 735 llid.
359 677 409 733 aa
452 670 561 735 (innan
577 672 688 735 ilarius
709 672 793 733 circa
803 670 935 734 Mediam
948 666 1060 733 dicium
1078 674 1100 733 d
1117 670 1195 752 sug.
1219 676 1258 734 11

170 760 204 817 ολ
224 760 240 817 1
263 754 397 834 Paralip·
423 756 454 818 5.
505 756 632 817 eundem
654 755 762 819 (lorea
778 762 870 847 κροκι
887 752 1046 815 Beniamin
1067 754 1258 818 Tadelensis.

252 835 335 901 latu
350 842 401 898 02.
430 834 613 917 κλεισούρο]
635 837 694 901 λιοο
712 838 805 901 ctiam
825 836 974 915 adiiciam,
994 836 1148 917 llispauos
1168 838 1259 903 ctiam

171 922 264 984 lrodie
293 920 418 1017 proprie
446 921 607 985 admodum
634 920 781 985 eiusmodi
806 921 945 983 clusuras
974 921 1107 983 timna
1136 938 1259 1001 vocare,

168 1005 247 1087 quod
270 1002 347 1066 mlii
368 1003 450 1067 aliud
481 1023 572 1087 quam
591 1005 728 1069 claustra
755 1004 919 1085 significat,
939 1008 974 1065 ut
993 998 1207 1066 Sonosierro
1227 1012 1260 1066 ot

170 1086 207 1151 la
226 1088 337 1149 sierro
357 1086 491 1151 necoda.
515 1096 627 1151 vocant
650 1105 724 1151 uero
740 1088 832 1151 etiam
855 1086 919 1149 alio
941 1086 1258 1169 contumerias,

169 1170 276 1235 eadem
298 1170 389 1249 plane
419 1171 621 1252 rationeque
645 1168 757 1235 Graeci
780 1166 890 1239 σύλας.
912 1169 1009 1234 Vuuc.

251 1258 303 1329 31,
323 1258 353 1315 9.
398 1250 552 1330 Κολωνοί,
575 1254 627 1315 uel
655 1260 690 1316 ut
722 1252 903 1315 llustathiua
931 1253 999 1314 vait
1018 1247 1167 1331 κολῶναι,
1187 1258 1259 1316 sont

164 1328 259 1397 τύποι
272 1329 415 1412 λήγοντες
426 1332 485 1412 μὲν
498 1334 543 1405 εἰς
556 1324 620 1411 ύξύ,
635 1331 679 1415 μή
702 1324 842 1415 ἇκριβιύς
857 1332 892 1395 δὲ
913 1329 1145 1412 ύνιοοξνμμένοι,
1167 1328 1253 1413 napi

165 1414 203 1479 τύ
228 1414 376 1496 κολούειν,
399 1408 505 1478 ὅέστι
524 1416 682 1495 κολοβούν.
704 1419 802 1482 voce.

104 1502 106 1507 ’
251 1497 404 1566 100113.
446 1500 613 1567 Aralracis
634 1502 780 1583 regionis,
794 1500 957 1563 Armeniae
976 1500 1131 1576 finitimae,
1151 1500 1257 1563 menri·

165 1583 212 1647 nit
233 1583 421 1663 Nicephorus
434 1584 568 1664 Callisti,
593 1586 644 1669 qui
659 1586 751 1649 etiarn
771 1585 867 1648 tradit
883 1584 1071 1648 llustratium
1091 1591 1257 1661 noussen

169 1686 210 1733 ex
231 1685 269 1730 ea
294 1666 388 1729 fuisse
408 1668 577 1731 oriundum.

249 1746 333 1815 llil.
355 1752 406 1812 15.
448 1750 495 1813 lie
514 1748 720 1827 Girrp'soclriro
741 1756 774 1812 et
802 1749 868 1812 eius
889 1747 985 1813 caede
1004 1768 1035 1812 r.
1056 1749 1212 1813 zonarum
1234 1750 1256 1813 l.

167 1840 210 1897 16
230 1833 264 1897 in
285 1831 419 1912 Basilio,
449 1834 501 1896 ubi
520 1832 702 1915 'l'eplrricem
721 1832 935 1916 Agarenorum
956 1839 988 1894 et
1009 1832 1257 1895 Manichaeorum

165 1923 263 1980 metro
286 1916 358 1979 olim
377 1918 523 1997 appellat
567 1934 597 1980 v.
618 1922 782 1997 praeterea
794 1915 962 1993 Scylitaem
974 1914 1103 1993 (ilycam
1116 1921 1148 1976 et
1167 1915 1255 1978 alios.

271 1996 335 2062 ltu
358 2005 407 2062 16.
458 1999 504 2062 lle
535 1998 657 2063 caraea
687 1998 885 2076 manichaeo,
916 1998 994 2060 duce
1016 1995 1258 2073 bellicosissimo,

165 2082 370 2145 considendus
405 2082 600 2145 continuator
627 2082 886 2166 Por-phyrogenitl
920 2100 951 2165 p.
975 2081 1258 2161 metuuntur

169 2162 340 2248 Tephrices
362 2164 502 2229 conditor
522 2165 641 2229 dicitur.

249 2254 301 2326 33,
322 2252 351 2313 1.
392 2244 543 2330 Ἀζιύτον]
567 2248 656 2311 huius
678 2249 764 2312 vocis
786 2247 921 2311 meminit
940 2246 1020 2311 iden
1039 2246 1257 2332 Porphyroge-

164 2333 248 2396 nitus
269 2332 308 2393 de
327 2332 415 2395 Adm.
438 2332 509 2412 imp.
533 2352 559 2397 ο.
585 2335 634 2394 dd.

249 2410 332 2480 ibid.
347 2417 377 2478 ὅ·
417 2408 472 2475 τὸν
494 2412 741 2491 δυστυχέστατον
754 2409 903 2495 πόλεμον]
918 2415 1030 2479 Leonis
1050 2414 1202 2478 exercitas
1220 2413 1254 2478 in

165 2497 349 2574 Macedonia
378 2497 527 2560 aduersus
556 2496 726 2577 Bulgaros,
754 2514 830 2577 rege
849 2516 953 2560 oomni
975 2495 1127 2573 Symeoue
1148 2515 1255 2579 paoem

164 2581 319 2660 turbante,
338 2580 502 2643 infeliciter
524 2580 694 2663 pugnavit:
714 2580 770 2640 sed
790 2596 844 2641 eos
863 2580 991 2642 monle
1005 2581 1174 2643 'lurcorum
1195 2598 1254 2643 an-

164 2666 243 2729 xilio
265 2663 386 2727 devicit
430 2663 501 2725 vide
520 2664 686 2743 scriptores
697 2659 886 2738 Byzantinos
908 2662 960 2744 qui
981 2661 1093 2726 laconis
1117 2663 1254 2745 philoso-

164 2749 219 2830 plri
240 2754 330 2829 gesta
350 2747 514 2810 memoriae
532 2745 742 2827 prodiderunt.

252 2827 334 2895 idid.
365 2836 415 2893 1⁷.
455 2822 681 2908 κουροτρόφος]
717 2827 879 2903 tyconius
907 2844 962 2890 seu
982 2828 1160 2904 tycandnn
1180 2829 1255 2893 olim

164 2906 310 3060 ὅίύσιορο
331 2912 492 2977 dicebatur
512 2910 552 2975 ob
573 2910 786 2994 pinguedinem
809 2916 842 2972 et
862 2911 1051 2975 fertilitatem
1071 2913 1141 2975 soli.
1182 2913 1254 2977 vide

195 3001 241 3059 rte
254 2996 324 3059 ium.

248 3082 353 3155 012.
396 3076 506 3141 Melius
536 3074 571 3137 ἐν
591 3073 633 3159 τῷ
659 3066 856 3158 περιστύλῳ,
884 3073 995 3157 quippe
1020 3092 1131 3138 versus
1162 3078 1254 3141 finem

164 3160 256 3225 huius
278 3158 387 3242 capitis
409 3162 456 3224 ait
478 3160 558 3223 lanc
578 3156 676 3241 ipsam
707 3159 937 3240 inscriptionem
955 3160 1139 3241 insordptam
1159 3162 1254 3225 iusisse

162 3244 198 3305 ἐν
219 3240 255 3325 τῇ
277 3239 359 3325 πύλῃ
380 3242 436 3322 τῆς
457 3236 584 3311 πόλεως.

248 3324 331 3392 ibid
350 3328 380 3389 5.
424 3320 441 3384 ύ
460 3322 570 3403 μέρος]
591 3319 763 3403 στρατηγόν
782 3324 979 3388 iustiniauum
993 3326 1133 3407 appellat
1152 3327 1184 3390 in
1204 3346 1253 3391 se·

161 3416 240 3472 natu
257 3410 385 3473 Procius
404 3416 548 3491 quaestor
568 3410 648 3491 apud
663 3408 842 3489 Procopium
860 3408 899 3470 de
919 3408 1003 3473 lello
1014 3410 1100 3473 Pers
1123 3416 1153 3474 1.
1173 3409 1253 3476 Gae-

162 3511 220 3555 sar
241 3511 316 3555 vero
336 3491 417 3555 idem
440 3491 626 3555 lmtinianus
654 3492 706 3553 diu
734 3499 806 3572 post
833 3491 983 3555 salutatus
1011 3494 1079 3574 fnit,
1100 3502 1135 3557 ut
1154 3497 1254 3560 trudit

161 3576 330 3657 Procopius
352 3575 373 3637 l.
394 3594 420 3636 ο.
461 3575 645 3637 iustinianas
665 3576 768 3656 itaque
796 3581 958 3657 antequam
977 3572 1095 3639 Caesar
1114 3579 1254 3659 appella·

163 3666 216 3722 tus
237 3664 333 3737 esset,
350 3657 500 3740 magister
519 3658 646 3721 militiae
667 3664 754 3733 erat3
776 3658 856 3720 unde
869 3658 1070 3739 corrigendus
1088 3661 1148 3724 hac
1168 3662 1201 3724 in
1216 3679 1252 3724 rc
1313 3696 1318 3711 ·

161 3742 455 3823 Porphyrogenitus.
497 3757 562 3802 rem
583 3748 679 3803 totam
699 3741 813 3803 clarius
840 3742 938 3803 refert
959 3739 1098 3818 cyrium
1120 3744 1252 3822 Scytho-

161 3826 320 3909 politanus
340 3824 482 3905 Ptocopil
502 3825 660 3907 aequalis:
681 3820 846 3892 Ἰουστῖνος
861 3818 1082 3887 ’Incommode
1094 3824 1167 3887 ἄνθ’
1191 3822 1252 3887 αὖ.

160 3907 223 3969 τοῦ
250 3903 306 3967 σύν
338 3904 532 3985 ἀδελφιδοῦν
562 3903 783 3985 ου’τοιιρύνοροι
810 3902 987 3987 καρέστησε,
1006 3905 1170 3991 narpoleos
1198 3908 1254 3971 noi

160 3984 290 4051 ύιιοτον
309 3980 387 4049 ὄντα
408 3988 463 4047 καί
481 3984 666 4070 στρατηγόν.
1014 4040 1018 4049 ,

246 4071 295 4138 lt,
309 4080 358 4136 10.
377 4069 495 4146 Θωμᾶς
507 4072 633 4149 ἐκεῖνος]
647 4072 686 4134 de
701 4070 767 4147 iroc,
778 4072 811 4135 ni
824 4072 1057 4153 fallor,'l'lroma
1067 4074 1252 4139 lastinianus

160 4156 473 4239 imperatorNovella
486 4148 543 4237 λα’,
558 4155 677 4215 τούτων
692 4155 831 4238 iuquiens
846 4149 948 4229 οὕτως
963 4152 1039 4238 ἡμῖν
1048 4155 1252 4240 διατεταγμέ-
