<?xml version="1.0" encoding="UTF-8"?>
<!DOCTYPE html PUBLIC "-//W3C//DTD XHTML 1.0 Transitional//EN"
    "http://www.w3.org/TR/xhtml1/DTD/xhtml1-transitional.dtd">
<html xmlns="http://www.w3.org/1999/xhtml" xml:lang="en" lang="en">
 <head>
  <title>
</title>
<meta http-equiv="Content-Type" content="text/html;charset=utf-8" />
  <meta name='ocr-system' content='tesseract 3.04.00' />
  <meta name='ocr-capabilities' content='ocr_page ocr_carea ocr_par ocr_line ocrx_word'/>
</head>
<body>
  <div class='ocr_page' id='page_1' title='image "./corpusscriptoru00unkngoog/corpusscriptoru00unkngoog_0440.png"; bbox 0 0 3067 4867; ppageno 0'>
   <div class='ocr_carea' id='block_1_1' title="bbox 250 355 1140 478">
    <p class='ocr_par' dir='ltr' id='par_1_1' title="bbox 250 355 1140 478">
     <span class='ocr_line' id='line_1_1' title="bbox 250 355 1140 478; baseline 0.004 -30"><span class='ocrx_word' id='word_1_1' title='bbox 250 386 295 452; x_wconf 84' lang='lat' dir='ltr'><strong>ru</strong></span> <span class='ocrx_word' id='word_1_2' title='bbox 325 379 603 450; x_wconf 80' lang='lat' dir='ltr'><strong>smacnmomr</strong></span> <span class='ocrx_word' id='word_1_3' title='bbox 635 381 969 478; x_wconf 78' lang='lat' dir='ltr'><strong>counaaraprus.</strong></span> <span class='ocrx_word' id='word_1_4' title='bbox 1066 355 1140 452; x_wconf 74' lang='lat' dir='ltr'><strong>aaa</strong></span> 
     </span>
    </p>
   </div>
   <div class='ocr_carea' id='block_1_2' title="bbox 61 553 1143 1388">
    <p class='ocr_par' dir='ltr' id='par_1_2' title="bbox 61 553 1143 1388">
     <span class='ocr_line' id='line_1_2' title="bbox 67 553 1141 637; baseline 0.005 -19"><span class='ocrx_word' id='word_1_5' title='bbox 67 555 169 618; x_wconf 79' lang='lat' dir='ltr'><strong>venire</strong></span> <span class='ocrx_word' id='word_1_6' title='bbox 185 553 314 632; x_wconf 72' lang='lat' dir='ltr'><strong>mribus,</strong></span> <span class='ocrx_word' id='word_1_7' title='bbox 334 571 376 618; x_wconf 85' lang='lat' dir='ltr'><strong>re</strong></span> <span class='ocrx_word' id='word_1_8' title='bbox 392 556 524 632; x_wconf 84' lang='lat' dir='ltr'><strong>sitirent,</strong></span> <span class='ocrx_word' id='word_1_9' title='bbox 543 556 695 637; x_wconf 74' lang='lat' dir='ltr'><strong>Procopio</strong></span> <span class='ocrx_word' id='word_1_10' title='bbox 715 555 827 620; x_wconf 88' lang='lat' dir='ltr'><strong>indice.</strong></span> <span class='ocrx_word' id='word_1_11' title='bbox 849 555 995 634; x_wconf 67' lang='lat' dir='ltr'><strong>umam,</strong></span> <span class='ocrx_word' id='word_1_12' title='bbox 1015 571 1053 620; x_wconf 83' lang='lat' dir='ltr'><strong>ae</strong></span> <span class='ocrx_word' id='word_1_13' title='bbox 1073 557 1141 623; x_wconf 76' lang='lat' dir='ltr'><strong>loa</strong></span> 
     </span>
     <span class='ocr_line' id='line_1_3' title="bbox 65 637 1141 720; baseline 0.002 -20"><span class='ocrx_word' id='word_1_14' title='bbox 65 658 132 717; x_wconf 63' lang='lat' dir='ltr'><strong>mna</strong></span> <span class='ocrx_word' id='word_1_15' title='bbox 153 637 316 718; x_wconf 78' lang='lat' dir='ltr'><strong>iaciamus,</strong></span> <span class='ocrx_word' id='word_1_16' title='bbox 343 640 372 700; x_wconf 78' lang='lat' dir='ltr'><strong>si</strong></span> <span class='ocrx_word' id='word_1_17' title='bbox 392 639 561 702; x_wconf 86' lang='lat' dir='ltr'><strong>lustiniaua</strong></span> <span class='ocrx_word' id='word_1_18' title='bbox 580 641 682 720; x_wconf 80' lang='lat' dir='ltr'><strong>prima</strong></span> <span class='ocrx_word' id='word_1_19' title='bbox 709 640 817 703; x_wconf 87' lang='lat' dir='ltr'><strong>eadem</strong></span> <span class='ocrx_word' id='word_1_20' title='bbox 836 641 1141 716; x_wconf 72' lang='lat' dir='ltr'><strong>catecuminum,</strong></span> 
     </span>
     <span class='ocr_line' id='line_1_4' title="bbox 64 720 1143 804; baseline 0.006 -21"><span class='ocrx_word' id='word_1_21' title='bbox 64 723 164 784; x_wconf 81' lang='lat' dir='ltr'><strong>dehnit</strong></span> <span class='ocrx_word' id='word_1_22' title='bbox 191 720 304 802; x_wconf 70' lang='lat' dir='ltr'><strong>Epium</strong></span> <span class='ocrx_word' id='word_1_23' title='bbox 322 739 421 800; x_wconf 86' lang='lat' dir='ltr'><strong>nora,</strong></span> <span class='ocrx_word' id='word_1_24' title='bbox 450 723 485 785; x_wconf 93' lang='lat' dir='ltr'><strong>in</strong></span> <span class='ocrx_word' id='word_1_25' title='bbox 504 740 565 804; x_wconf 82' lang='lat' dir='ltr'><strong>qua</strong></span> <span class='ocrx_word' id='word_1_26' title='bbox 585 741 621 784; x_wconf 81' lang='lat' dir='ltr'><strong>ca</strong></span> <span class='ocrx_word' id='word_1_27' title='bbox 648 723 721 786; x_wconf 76' lang='lat' dir='ltr'><strong>arrha</strong></span> <span class='ocrx_word' id='word_1_28' title='bbox 740 723 843 786; x_wconf 86' lang='lat' dir='ltr'><strong>sedem</strong></span> <span class='ocrx_word' id='word_1_29' title='bbox 864 722 1031 798; x_wconf 74' lang='lat' dir='ltr'><strong>obtinebat,</strong></span> <span class='ocrx_word' id='word_1_30' title='bbox 1053 724 1143 789; x_wconf 80' lang='lat' dir='ltr'><strong>lusti·</strong></span> 
     </span>
     <span class='ocr_line' id='line_1_5' title="bbox 64 805 1143 888; baseline 0.004 -22"><span class='ocrx_word' id='word_1_31' title='bbox 64 806 171 866; x_wconf 85' lang='lat' dir='ltr'><strong>aiauae</strong></span> <span class='ocrx_word' id='word_1_32' title='bbox 199 805 317 886; x_wconf 83' lang='lat' dir='ltr'><strong>primae</strong></span> <span class='ocrx_word' id='word_1_33' title='bbox 348 824 417 867; x_wconf 86' lang='lat' dir='ltr'><strong>esse</strong></span> <span class='ocrx_word' id='word_1_34' title='bbox 437 805 625 880; x_wconf 79' lang='lat' dir='ltr'><strong>contributa,</strong></span> <span class='ocrx_word' id='word_1_35' title='bbox 647 814 700 869; x_wconf 88' lang='lat' dir='ltr'><strong>aut</strong></span> <span class='ocrx_word' id='word_1_36' title='bbox 722 807 831 869; x_wconf 86' lang='lat' dir='ltr'><strong>saltem</strong></span> <span class='ocrx_word' id='word_1_37' title='bbox 857 807 921 872; x_wconf 87' lang='lat' dir='ltr'><strong>eiua</strong></span> <span class='ocrx_word' id='word_1_38' title='bbox 942 825 1036 888; x_wconf 81' lang='lat' dir='ltr'><strong>para:</strong></span> <span class='ocrx_word' id='word_1_39' title='bbox 1054 805 1143 888; x_wconf 74' lang='lat' dir='ltr'><strong>atqui</strong></span> 
     </span>
     <span class='ocr_line' id='line_1_6' title="bbox 63 887 1142 970; baseline -0.002 -18"><span class='ocrx_word' id='word_1_40' title='bbox 63 905 219 952; x_wconf 71' lang='lat' dir='ltr'><strong>ressonis</strong></span> <span class='ocrx_word' id='word_1_41' title='bbox 244 889 346 956; x_wconf 78' lang='lat' dir='ltr'><strong>hauet</strong></span> <span class='ocrx_word' id='word_1_42' title='bbox 370 905 374 912; x_wconf 79' lang='grc'>’</span> <span class='ocrx_word' id='word_1_43' title='bbox 395 887 532 955; x_wconf 79' lang='lat' dir='ltr'><strong>decernit</strong></span> <span class='ocrx_word' id='word_1_44' title='bbox 557 887 740 957; x_wconf 84' lang='lat' dir='ltr'><strong>lustialauru</strong></span> <span class='ocrx_word' id='word_1_45' title='bbox 770 889 878 952; x_wconf 83' lang='lat' dir='ltr'><strong>Novel.</strong></span> <span class='ocrx_word' id='word_1_46' title='bbox 904 895 942 968; x_wconf 84' lang='lat'><strong>¹¹.</strong></span> <span class='ocrx_word' id='word_1_47' title='bbox 973 898 1008 953; x_wconf 89' lang='lat' dir='ltr'><strong>ut</strong></span> <span class='ocrx_word' id='word_1_48' title='bbox 1025 890 1142 970; x_wconf 86' lang='lat' dir='ltr'><strong>primae</strong></span> 
     </span>
     <span class='ocr_line' id='line_1_7' title="bbox 64 971 1142 1052; baseline 0.004 -19"><span class='ocrx_word' id='word_1_49' title='bbox 64 971 266 1050; x_wconf 73' lang='lat' dir='ltr'><strong>lmtiamnao,</strong></span> <span class='ocrx_word' id='word_1_50' title='bbox 295 971 415 1052; x_wconf 84' lang='lat' dir='ltr'><strong>patriae</strong></span> <span class='ocrx_word' id='word_1_51' title='bbox 433 981 575 1050; x_wconf 90' lang='lat' dir='ltr'><strong>nostrae,</strong></span> <span class='ocrx_word' id='word_1_52' title='bbox 597 991 654 1052; x_wconf 93' lang='lat' dir='ltr'><strong>pro</strong></span> <span class='ocrx_word' id='word_1_53' title='bbox 675 980 811 1052; x_wconf 88' lang='lat' dir='ltr'><strong>tempore</strong></span> <span class='ocrx_word' id='word_1_54' title='bbox 830 991 920 1037; x_wconf 84' lang='lat' dir='ltr'><strong>sacro</strong></span> <span class='ocrx_word' id='word_1_55' title='bbox 942 979 1065 1036; x_wconf 82' lang='lat' dir='ltr'><strong>sanctus</strong></span> <span class='ocrx_word' id='word_1_56' title='bbox 1086 991 1142 1036; x_wconf 88' lang='lat' dir='ltr'><strong>an·</strong></span> 
     </span>
     <span class='ocr_line' id='line_1_8' title="bbox 63 1055 1142 1141; baseline 0 -24"><span class='ocrx_word' id='word_1_57' title='bbox 63 1055 148 1117; x_wconf 86' lang='lat' dir='ltr'><strong>tistes</strong></span> <span class='ocrx_word' id='word_1_58' title='bbox 167 1071 230 1123; x_wconf 72' lang='grc' dir='ltr'><strong>που</strong></span> <span class='ocrx_word' id='word_1_59' title='bbox 250 1057 348 1118; x_wconf 83' lang='lat' dir='ltr'><strong>solum</strong></span> <span class='ocrx_word' id='word_1_60' title='bbox 362 1055 615 1136; x_wconf 82' lang='lat' dir='ltr'><strong>metropolitauus</strong></span> <span class='ocrx_word' id='word_1_61' title='bbox 634 1057 687 1118; x_wconf 86' lang='lat' dir='ltr'><strong>sed</strong></span> <span class='ocrx_word' id='word_1_62' title='bbox 706 1057 796 1118; x_wconf 87' lang='lat' dir='ltr'><strong>etiam</strong></span> <span class='ocrx_word' id='word_1_63' title='bbox 811 1055 1056 1139; x_wconf 78' lang='lat' dir='ltr'><strong>archiepiscopus</strong></span> <span class='ocrx_word' id='word_1_64' title='bbox 1077 1057 1142 1141; x_wconf 67' lang='lat' dir='ltr'><strong>hatp</strong></span> 
     </span>
     <span class='ocr_line' id='line_1_9' title="bbox 62 1137 1143 1218; baseline 0.006 -22"><span class='ocrx_word' id='word_1_65' title='bbox 62 1143 92 1197; x_wconf 92' lang='lat' dir='ltr'><strong>et</strong></span> <span class='ocrx_word' id='word_1_66' title='bbox 110 1146 233 1202; x_wconf 83' lang='lat' dir='ltr'><strong>ceterae</strong></span> <span class='ocrx_word' id='word_1_67' title='bbox 259 1138 435 1218; x_wconf 84' lang='lat' dir='ltr'><strong>prouinciae</strong></span> <span class='ocrx_word' id='word_1_68' title='bbox 467 1138 524 1202; x_wconf 78' lang='lat' dir='ltr'><strong>ani</strong></span> <span class='ocrx_word' id='word_1_69' title='bbox 554 1137 619 1200; x_wconf 86' lang='lat' dir='ltr'><strong>eius</strong></span> <span class='ocrx_word' id='word_1_70' title='bbox 646 1139 709 1200; x_wconf 87' lang='lat' dir='ltr'><strong>siat</strong></span> <span class='ocrx_word' id='word_1_71' title='bbox 729 1139 928 1216; x_wconf 81' lang='lat' dir='ltr'><strong>auctoritate,</strong></span> <span class='ocrx_word' id='word_1_72' title='bbox 957 1137 988 1203; x_wconf 91' lang='lat' dir='ltr'><strong>id</strong></span> <span class='ocrx_word' id='word_1_73' title='bbox 1013 1146 1059 1202; x_wconf 86' lang='lat' dir='ltr'><strong>eat</strong></span> <span class='ocrx_word' id='word_1_74' title='bbox 1079 1145 1143 1203; x_wconf 64' lang='lat' dir='ltr'><strong>hm</strong></span> 
     </span>
     <span class='ocr_line' id='line_1_10' title="bbox 61 1220 1142 1302; baseline 0.002 -20"><span class='ocrx_word' id='word_1_75' title='bbox 61 1220 126 1300; x_wconf 83' lang='lat' dir='ltr'><strong>ipsa</strong></span> <span class='ocrx_word' id='word_1_76' title='bbox 145 1221 370 1284; x_wconf 87' lang='lat' dir='ltr'><strong>mediterranea</strong></span> <span class='ocrx_word' id='word_1_77' title='bbox 388 1221 485 1287; x_wconf 83' lang='lat' dir='ltr'><strong>liaeia</strong></span> <span class='ocrx_word' id='word_1_78' title='bbox 504 1239 592 1302; x_wconf 79' lang='lat' dir='ltr'><strong>qnam</strong></span> <span class='ocrx_word' id='word_1_79' title='bbox 612 1221 709 1284; x_wconf 82' lang='lat' dir='ltr'><strong>Dacia</strong></span> <span class='ocrx_word' id='word_1_80' title='bbox 737 1222 879 1302; x_wconf 78' lang='lat' dir='ltr'>ripensis,</span> <span class='ocrx_word' id='word_1_81' title='bbox 900 1240 956 1286; x_wconf 87' lang='lat' dir='ltr'><strong>neo</strong></span> <span class='ocrx_word' id='word_1_82' title='bbox 974 1241 1036 1286; x_wconf 91' lang='lat' dir='ltr'><strong>non</strong></span> <span class='ocrx_word' id='word_1_83' title='bbox 1058 1221 1142 1284; x_wconf 81' lang='lat' dir='ltr'><strong>hioe-</strong></span> 
     </span>
     <span class='ocr_line' id='line_1_11' title="bbox 61 1302 1143 1388; baseline 0.003 -24"><span class='ocrx_word' id='word_1_84' title='bbox 61 1302 106 1364; x_wconf 87' lang='lat' dir='ltr'><strong>sia</strong></span> <span class='ocrx_word' id='word_1_85' title='bbox 125 1305 261 1370; x_wconf 68' lang='lat' dir='ltr'><strong>munda</strong></span> <span class='ocrx_word' id='word_1_86' title='bbox 288 1305 453 1382; x_wconf 82' lang='lat' dir='ltr'><strong>Dardania,</strong></span> <span class='ocrx_word' id='word_1_87' title='bbox 480 1311 512 1365; x_wconf 92' lang='lat' dir='ltr'><strong>ct</strong></span> <span class='ocrx_word' id='word_1_88' title='bbox 526 1305 749 1376; x_wconf 76' lang='lat' dir='ltr'><strong>¹Praevalitana</strong></span> <span class='ocrx_word' id='word_1_89' title='bbox 777 1305 936 1386; x_wconf 85' lang='lat' dir='ltr'><strong>provincia</strong></span> <span class='ocrx_word' id='word_1_90' title='bbox 958 1313 991 1367; x_wconf 89' lang='lat' dir='ltr'><strong>et</strong></span> <span class='ocrx_word' id='word_1_91' title='bbox 1008 1305 1143 1388; x_wconf 83' lang='lat' dir='ltr'><strong>secunda</strong></span> 
     </span>
    </p>
   </div>
   <div class='ocr_carea' id='block_1_3' title="bbox 60 1387 1325 1479">
    <p class='ocr_par' dir='ltr' id='par_1_3' title="bbox 60 1387 1325 1479">
     <span class='ocr_line' id='line_1_12' title="bbox 60 1387 1325 1479; baseline 0.002 -31"><span class='ocrx_word' id='word_1_92' title='bbox 60 1387 257 1464; x_wconf 82' lang='lat' dir='ltr'><strong>Macedonia,</strong></span> <span class='ocrx_word' id='word_1_93' title='bbox 278 1407 352 1468; x_wconf 88' lang='lat' dir='ltr'><strong>pars</strong></span> <span class='ocrx_word' id='word_1_94' title='bbox 384 1390 475 1452; x_wconf 84' lang='lat' dir='ltr'><strong>etiam</strong></span> <span class='ocrx_word' id='word_1_95' title='bbox 502 1387 654 1450; x_wconf 90' lang='lat' dir='ltr'><strong>secundae</strong></span> <span class='ocrx_word' id='word_1_96' title='bbox 680 1389 865 1451; x_wconf 83' lang='lat' dir='ltr'><strong>Parraoniae·</strong></span> <span class='ocrx_word' id='word_1_97' title='bbox 907 1389 994 1452; x_wconf 87' lang='lat' dir='ltr'><strong>uulla</strong></span> <span class='ocrx_word' id='word_1_98' title='bbox 1015 1407 1142 1469; x_wconf 83' lang='lat' dir='ltr'><strong>prorsus</strong></span> <span class='ocrx_word' id='word_1_99' title='bbox 1229 1458 1234 1479; x_wconf 43' lang='grc' dir='ltr'><strong><em>Ι</em></strong></span> <span class='ocrx_word' id='word_1_100' title='bbox 1321 1405 1325 1416; x_wconf 76' lang='grc'><em>’</em></span> 
     </span>
    </p>
   </div>
   <div class='ocr_carea' id='block_1_4' title="bbox 51 1469 1213 4323">
    <p class='ocr_par' dir='ltr' id='par_1_4' title="bbox 56 1469 1144 2719">
     <span class='ocr_line' id='line_1_13' title="bbox 61 1469 1142 1552; baseline 0.003 -23"><span class='ocrx_word' id='word_1_101' title='bbox 61 1469 105 1530; x_wconf 89' lang='lat' dir='ltr'><strong>hie</strong></span> <span class='ocrx_word' id='word_1_102' title='bbox 126 1469 213 1551; x_wconf 83' lang='lat' dir='ltr'><strong>lipiri</strong></span> <span class='ocrx_word' id='word_1_103' title='bbox 234 1472 365 1549; x_wconf 86' lang='lat' dir='ltr'><strong>mentio,</strong></span> <span class='ocrx_word' id='word_1_104' title='bbox 393 1473 426 1533; x_wconf 91' lang='lat' dir='ltr'><strong>in</strong></span> <span class='ocrx_word' id='word_1_105' title='bbox 447 1489 508 1552; x_wconf 81' lang='lat' dir='ltr'><strong>qua</strong></span> <span class='ocrx_word' id='word_1_106' title='bbox 528 1489 590 1532; x_wconf 88' lang='lat' dir='ltr'><strong>noa</strong></span> <span class='ocrx_word' id='word_1_107' title='bbox 617 1471 719 1534; x_wconf 82' lang='lat' dir='ltr'><strong>inimo</strong></span> <span class='ocrx_word' id='word_1_108' title='bbox 740 1471 809 1533; x_wconf 90' lang='lat' dir='ltr'><strong>loco</strong></span> <span class='ocrx_word' id='word_1_109' title='bbox 830 1469 1015 1548; x_wconf 74' lang='lat' dir='ltr'><strong>Lychnidus.</strong></span> <span class='ocrx_word' id='word_1_110' title='bbox 1058 1470 1142 1534; x_wconf 86' lang='lat' dir='ltr'><strong>dices</strong></span> 
     </span>
     <span class='ocr_line' id='line_1_14' title="bbox 59 1550 1142 1635; baseline 0.002 -21"><span class='ocrx_word' id='word_1_111' title='bbox 59 1554 221 1616; x_wconf 78' lang='lat' dir='ltr'><strong>Athridam</strong></span> <span class='ocrx_word' id='word_1_112' title='bbox 250 1555 445 1617; x_wconf 78' lang='lat' dir='ltr'><strong>lastinianum</strong></span> <span class='ocrx_word' id='word_1_113' title='bbox 475 1553 602 1635; x_wconf 81' lang='lat' dir='ltr'>primam</span> <span class='ocrx_word' id='word_1_114' title='bbox 633 1554 726 1616; x_wconf 78' lang='lat' dir='ltr'><strong>titisse</strong></span> <span class='ocrx_word' id='word_1_115' title='bbox 746 1553 876 1632; x_wconf 87' lang='lat' dir='ltr'><strong>dietam,</strong></span> <span class='ocrx_word' id='word_1_116' title='bbox 905 1573 972 1618; x_wconf 84' lang='lat' dir='ltr'><strong>eam</strong></span> <span class='ocrx_word' id='word_1_117' title='bbox 1002 1550 1142 1618; x_wconf 84' lang='lat' dir='ltr'><strong>autema</strong></span> 
     </span>
     <span class='ocr_line' id='line_1_15' title="bbox 59 1633 1142 1716; baseline 0.002 -18"><span class='ocrx_word' id='word_1_118' title='bbox 59 1634 213 1714; x_wconf 76' lang='lat' dir='ltr'><strong>Lychnido</strong></span> <span class='ocrx_word' id='word_1_119' title='bbox 236 1636 311 1698; x_wconf 89' lang='lat' dir='ltr'><strong>nihil</strong></span> <span class='ocrx_word' id='word_1_120' title='bbox 333 1637 524 1716; x_wconf 87' lang='lat' dir='ltr'><strong>discrepare;</strong></span> <span class='ocrx_word' id='word_1_121' title='bbox 548 1635 672 1716; x_wconf 78' lang='lat' dir='ltr'><strong>qucrdut</strong></span> <span class='ocrx_word' id='word_1_122' title='bbox 693 1637 798 1699; x_wconf 80' lang='lat' dir='ltr'><strong>libenti</strong></span> <span class='ocrx_word' id='word_1_123' title='bbox 819 1638 918 1703; x_wconf 86' lang='lat' dir='ltr'><strong>auimo</strong></span> <span class='ocrx_word' id='word_1_124' title='bbox 941 1637 1078 1714; x_wconf 75' lang='lat' dir='ltr'><strong>admitto,</strong></span> <span class='ocrx_word' id='word_1_125' title='bbox 1097 1633 1142 1700; x_wconf 76' lang='lat' dir='ltr'><strong>ita</strong></span> 
     </span>
     <span class='ocr_line' id='line_1_16' title="bbox 58 1719 1142 1817; baseline 0.002 -37"><span class='ocrx_word' id='word_1_126' title='bbox 58 1737 194 1816; x_wconf 74' lang='lat' dir='ltr'><strong>eaquae</strong></span> <span class='ocrx_word' id='word_1_127' title='bbox 216 1719 369 1815; x_wconf 66' lang='lat' dir='ltr'><strong>disputavi</strong></span> <span class='ocrx_word' id='word_1_128' title='bbox 399 1719 560 1799; x_wconf 85' lang='lat' dir='ltr'><strong>prohibent</strong></span> <span class='ocrx_word' id='word_1_129' title='bbox 581 1725 614 1816; x_wconf 82' lang='lat' dir='ltr'><strong>ut</strong></span> <span class='ocrx_word' id='word_1_130' title='bbox 646 1719 872 1817; x_wconf 74' lang='lat' dir='ltr'><strong>ahlustiniano</strong></span> <span class='ocrx_word' id='word_1_131' title='bbox 894 1739 931 1784; x_wconf 89' lang='lat' dir='ltr'><strong>eo</strong></span> <span class='ocrx_word' id='word_1_132' title='bbox 951 1722 1073 1783; x_wconf 90' lang='lat' dir='ltr'><strong>nomine</strong></span> <span class='ocrx_word' id='word_1_133' title='bbox 1095 1719 1142 1782; x_wconf 84' lang='lat' dir='ltr'><strong>in-</strong></span> 
     </span>
     <span class='ocr_line' id='line_1_17' title="bbox 57 1802 1143 1969; baseline -0.001 -21"><span class='ocrx_word' id='word_1_134' title='bbox 57 1802 1143 1969; x_wconf 53' lang='lat' dir='ltr'><strong>lilzhhli‘r‘teflttth0t21¹¹l3l¹tlttltl³ghtilithi}</strong></span> 
     </span>
     <span class='ocr_line' id='line_1_18' title="bbox 57 1969 1143 2048; baseline -0.004 -16"><span class='ocrx_word' id='word_1_135' title='bbox 57 1969 85 2032; x_wconf 89' lang='lat' dir='ltr'><strong>iu</strong></span> <span class='ocrx_word' id='word_1_136' title='bbox 105 1969 164 2031; x_wconf 89' lang='lat' dir='ltr'><strong>hoc</strong></span> <span class='ocrx_word' id='word_1_137' title='bbox 182 1975 283 2031; x_wconf 87' lang='lat' dir='ltr'><strong>tractu</strong></span> <span class='ocrx_word' id='word_1_138' title='bbox 300 1969 384 2048; x_wconf 86' lang='lat' dir='ltr'><strong>urbs,</strong></span> <span class='ocrx_word' id='word_1_139' title='bbox 405 1975 436 2029; x_wconf 92' lang='lat' dir='ltr'><strong>et</strong></span> <span class='ocrx_word' id='word_1_140' title='bbox 456 1969 633 2048; x_wconf 81' lang='lat' dir='ltr'><strong>metropolis</strong></span> <span class='ocrx_word' id='word_1_141' title='bbox 653 1969 790 2048; x_wconf 78' lang='lat' dir='ltr'><strong>dignitas</strong></span> <span class='ocrx_word' id='word_1_142' title='bbox 811 1969 894 2032; x_wconf 88' lang='lat' dir='ltr'><strong>venit</strong></span> <span class='ocrx_word' id='word_1_143' title='bbox 915 1976 945 2030; x_wconf 90' lang='lat' dir='ltr'><strong>et</strong></span> <span class='ocrx_word' id='word_1_144' title='bbox 957 1969 1143 2032; x_wconf 86' lang='lat' dir='ltr'><strong>iustinianae</strong></span> 
     </span>
     <span class='ocr_line' id='line_1_19' title="bbox 57 2051 1143 2134; baseline -0.002 -20"><span class='ocrx_word' id='word_1_145' title='bbox 57 2052 170 2132; x_wconf 85' lang='lat' dir='ltr'><strong>primae</strong></span> <span class='ocrx_word' id='word_1_146' title='bbox 186 2070 371 2134; x_wconf 87' lang='lat' dir='ltr'><strong>cognomen:</strong></span> <span class='ocrx_word' id='word_1_147' title='bbox 391 2051 545 2132; x_wconf 88' lang='lat' dir='ltr'><strong>religione</strong></span> <span class='ocrx_word' id='word_1_148' title='bbox 558 2052 637 2112; x_wconf 89' lang='lat' dir='ltr'><strong>euim</strong></span> <span class='ocrx_word' id='word_1_149' title='bbox 649 2052 774 2113; x_wconf 90' lang='lat' dir='ltr'><strong>meliore</strong></span> <span class='ocrx_word' id='word_1_150' title='bbox 784 2057 918 2132; x_wconf 87' lang='lat' dir='ltr'><strong>recepta,</strong></span> <span class='ocrx_word' id='word_1_151' title='bbox 933 2059 964 2113; x_wconf 92' lang='lat' dir='ltr'><strong>et</strong></span> <span class='ocrx_word' id='word_1_152' title='bbox 973 2051 1143 2114; x_wconf 86' lang='lat' dir='ltr'><strong>sacerdoti-</strong></span> 
     </span>
     <span class='ocr_line' id='line_1_20' title="bbox 57 2133 1143 2218; baseline 0 -22"><span class='ocrx_word' id='word_1_153' title='bbox 57 2135 109 2198; x_wconf 86' lang='lat' dir='ltr'><strong>hus</strong></span> <span class='ocrx_word' id='word_1_154' title='bbox 121 2141 163 2211; x_wconf 85' lang='lat' dir='ltr'><strong>et,</strong></span> <span class='ocrx_word' id='word_1_155' title='bbox 184 2135 237 2216; x_wconf 88' lang='lat' dir='ltr'><strong>qui</strong></span> <span class='ocrx_word' id='word_1_156' title='bbox 251 2154 304 2196; x_wconf 84' lang='lat' dir='ltr'><strong>eos</strong></span> <span class='ocrx_word' id='word_1_157' title='bbox 323 2135 531 2216; x_wconf 80' lang='lat' dir='ltr'><strong>inauguraret,</strong></span> <span class='ocrx_word' id='word_1_158' title='bbox 552 2133 693 2215; x_wconf 89' lang='lat' dir='ltr'><strong>episeopo</strong></span> <span class='ocrx_word' id='word_1_159' title='bbox 705 2135 763 2198; x_wconf 84' lang='lat' dir='ltr'><strong>mit</strong></span> <span class='ocrx_word' id='word_1_160' title='bbox 776 2151 860 2216; x_wconf 84' lang='lat' dir='ltr'><strong>opus.</strong></span> <span class='ocrx_word' id='word_1_161' title='bbox 883 2137 965 2197; x_wconf 87' lang='lat' dir='ltr'><strong>lecta</strong></span> <span class='ocrx_word' id='word_1_162' title='bbox 976 2153 1053 2218; x_wconf 83' lang='lat' dir='ltr'><strong>ergo</strong></span> <span class='ocrx_word' id='word_1_163' title='bbox 1069 2133 1143 2196; x_wconf 83' lang='lat' dir='ltr'><strong>urba</strong></span> 
     </span>
     <span class='ocr_line' id='line_1_21' title="bbox 56 2217 1142 2300; baseline -0.002 -21"><span class='ocrx_word' id='word_1_164' title='bbox 56 2237 130 2298; x_wconf 85' lang='lat' dir='ltr'><strong>quae</strong></span> <span class='ocrx_word' id='word_1_165' title='bbox 146 2217 299 2298; x_wconf 84' lang='lat' dir='ltr'><strong>Bulgaris</strong></span> <span class='ocrx_word' id='word_1_166' title='bbox 318 2227 410 2298; x_wconf 89' lang='lat' dir='ltr'><strong>eaput</strong></span> <span class='ocrx_word' id='word_1_167' title='bbox 431 2224 507 2298; x_wconf 76' lang='lat' dir='ltr'><strong>erat,</strong></span> <span class='ocrx_word' id='word_1_168' title='bbox 531 2223 563 2278; x_wconf 92' lang='lat' dir='ltr'><strong>et</strong></span> <span class='ocrx_word' id='word_1_169' title='bbox 586 2218 821 2298; x_wconf 88' lang='lat' dir='ltr'><strong>metropolitano</strong></span> <span class='ocrx_word' id='word_1_170' title='bbox 841 2217 1012 2300; x_wconf 82' lang='lat' dir='ltr'><strong>assignata,</strong></span> <span class='ocrx_word' id='word_1_171' title='bbox 1033 2219 1142 2300; x_wconf 65' lang='lat' dir='ltr'><strong>appel*-</strong></span> 
     </span>
     <span class='ocr_line' id='line_1_22' title="bbox 56 2301 1144 2384; baseline 0.001 -24"><span class='ocrx_word' id='word_1_172' title='bbox 56 2301 177 2384; x_wconf 86' lang='lat' dir='ltr'><strong>lataque</strong></span> <span class='ocrx_word' id='word_1_173' title='bbox 201 2301 370 2364; x_wconf 87' lang='lat' dir='ltr'><strong>iustiniana</strong></span> <span class='ocrx_word' id='word_1_174' title='bbox 388 2301 504 2382; x_wconf 83' lang='lat' dir='ltr'><strong>prima,</strong></span> <span class='ocrx_word' id='word_1_175' title='bbox 525 2301 592 2362; x_wconf 85' lang='lat' dir='ltr'><strong>sive</strong></span> <span class='ocrx_word' id='word_1_176' title='bbox 612 2302 693 2382; x_wconf 83' lang='lat' dir='ltr'><strong>quod</strong></span> <span class='ocrx_word' id='word_1_177' title='bbox 713 2301 857 2381; x_wconf 89' lang='lat' dir='ltr'><strong>eandem,</strong></span> <span class='ocrx_word' id='word_1_178' title='bbox 879 2319 1058 2382; x_wconf 83' lang='lat' dir='ltr'><strong>quamquam</strong></span> <span class='ocrx_word' id='word_1_179' title='bbox 1079 2317 1144 2362; x_wconf 89' lang='lat' dir='ltr'><strong>non</strong></span> 
     </span>
     <span class='ocr_line' id='line_1_23' title="bbox 56 2383 1144 2466; baseline 0.001 -21"><span class='ocrx_word' id='word_1_180' title='bbox 56 2385 119 2446; x_wconf 88' lang='lat' dir='ltr'><strong>sine</strong></span> <span class='ocrx_word' id='word_1_181' title='bbox 149 2403 274 2464; x_wconf 89' lang='lat' dir='ltr'><strong>errore,</strong></span> <span class='ocrx_word' id='word_1_182' title='bbox 304 2385 369 2449; x_wconf 87' lang='lat' dir='ltr'><strong>eius</strong></span> <span class='ocrx_word' id='word_1_183' title='bbox 397 2383 540 2466; x_wconf 89' lang='lat' dir='ltr'><strong>temporis</strong></span> <span class='ocrx_word' id='word_1_184' title='bbox 570 2383 682 2447; x_wconf 84' lang='lat' dir='ltr'><strong>Graeci</strong></span> <span class='ocrx_word' id='word_1_185' title='bbox 710 2386 925 2464; x_wconf 82' lang='lat' dir='ltr'><strong>opinarentur3</strong></span> <span class='ocrx_word' id='word_1_186' title='bbox 965 2397 1019 2446; x_wconf 81' lang='lat' dir='ltr'><strong>seu</strong></span> <span class='ocrx_word' id='word_1_187' title='bbox 1041 2385 1144 2464; x_wconf 83' lang='lat' dir='ltr'><strong>potius</strong></span> 
     </span>
     <span class='ocr_line' id='line_1_24' title="bbox 58 2465 1143 2549; baseline -0.003 -21"><span class='ocrx_word' id='word_1_188' title='bbox 58 2467 132 2548; x_wconf 85' lang='lat' dir='ltr'><strong>quod</strong></span> <span class='ocrx_word' id='word_1_189' title='bbox 151 2472 236 2531; x_wconf 76' lang='lat' dir='ltr'><strong>‘vera</strong></span> <span class='ocrx_word' id='word_1_190' title='bbox 255 2465 426 2530; x_wconf 80' lang='lat' dir='ltr'><strong>Iustiniana</strong></span> <span class='ocrx_word' id='word_1_191' title='bbox 456 2468 573 2549; x_wconf 83' lang='lat' dir='ltr'><strong>prima,</strong></span> <span class='ocrx_word' id='word_1_192' title='bbox 594 2473 630 2527; x_wconf 86' lang='lat' dir='ltr'><strong>ut</strong></span> <span class='ocrx_word' id='word_1_193' title='bbox 658 2467 762 2546; x_wconf 86' lang='lat' dir='ltr'><strong>plures</strong></span> <span class='ocrx_word' id='word_1_194' title='bbox 783 2468 815 2528; x_wconf 93' lang='lat' dir='ltr'><strong>in</strong></span> <span class='ocrx_word' id='word_1_195' title='bbox 836 2468 895 2529; x_wconf 88' lang='lat' dir='ltr'><strong>hac</strong></span> <span class='ocrx_word' id='word_1_196' title='bbox 916 2467 1030 2530; x_wconf 87' lang='lat' dir='ltr'><strong>vicinia</strong></span> <span class='ocrx_word' id='word_1_197' title='bbox 1050 2467 1143 2540; x_wconf 89' lang='lat' dir='ltr'><strong>aliae,</strong></span> 
     </span>
     <span class='ocr_line' id='line_1_25' title="bbox 56 2549 1142 2630; baseline -0.003 -18"><span class='ocrx_word' id='word_1_198' title='bbox 56 2558 231 2630; x_wconf 85' lang='lat' dir='ltr'><strong>pertracta</strong></span> <span class='ocrx_word' id='word_1_199' title='bbox 255 2551 307 2614; x_wconf 92' lang='lat' dir='ltr'><strong>diu</strong></span> <span class='ocrx_word' id='word_1_200' title='bbox 330 2551 414 2613; x_wconf 87' lang='lat' dir='ltr'><strong>helia</strong></span> <span class='ocrx_word' id='word_1_201' title='bbox 433 2557 513 2611; x_wconf 90' lang='lat' dir='ltr'><strong>esset</strong></span> <span class='ocrx_word' id='word_1_202' title='bbox 534 2549 690 2628; x_wconf 85' lang='lat' dir='ltr'><strong>desolata,</strong></span> <span class='ocrx_word' id='word_1_203' title='bbox 718 2567 775 2609; x_wconf 89' lang='lat' dir='ltr'><strong>nec</strong></span> <span class='ocrx_word' id='word_1_204' title='bbox 797 2549 876 2612; x_wconf 84' lang='lat' dir='ltr'><strong>alius</strong></span> <span class='ocrx_word' id='word_1_205' title='bbox 897 2549 1003 2610; x_wconf 88' lang='lat' dir='ltr'><strong>titulus</strong></span> <span class='ocrx_word' id='word_1_206' title='bbox 1024 2549 1065 2610; x_wconf 89' lang='lat' dir='ltr'><strong>ad</strong></span> <span class='ocrx_word' id='word_1_207' title='bbox 1085 2566 1142 2609; x_wconf 84' lang='lat' dir='ltr'><strong>no-</strong></span> 
     </span>
     <span class='ocr_line' id='line_1_26' title="bbox 56 2630 1028 2719; baseline -0.008 -25"><span class='ocrx_word' id='word_1_208' title='bbox 56 2653 121 2698; x_wconf 84' lang='lat' dir='ltr'><strong>vam</strong></span> <span class='ocrx_word' id='word_1_209' title='bbox 141 2631 563 2719; x_wconf 85' lang='lat' dir='ltr'><strong>metropolimdecorandam</strong></span> <span class='ocrx_word' id='word_1_210' title='bbox 583 2630 739 2692; x_wconf 86' lang='lat' dir='ltr'><strong>videretur</strong></span> <span class='ocrx_word' id='word_1_211' title='bbox 765 2631 1028 2692; x_wconf 81' lang='lat' dir='ltr'><strong>accommodatior.</strong></span> 
     </span>
    </p>

    <p class='ocr_par' dir='ltr' id='par_1_5' title="bbox 51 2729 1213 4323">
     <span class='ocr_line' id='line_1_27' title="bbox 131 2729 1143 2821; baseline -0.008 -18"><span class='ocrx_word' id='word_1_212' title='bbox 131 2749 207 2821; x_wconf 77' lang='grc'><strong>393,</strong></span> <span class='ocrx_word' id='word_1_213' title='bbox 227 2747 261 2805; x_wconf 85' lang='grc'><strong>6.</strong></span> <span class='ocrx_word' id='word_1_214' title='bbox 303 2738 527 2816; x_wconf 63' lang='lat' dir='ltr'><strong>Armeniacae*</strong></span> <span class='ocrx_word' id='word_1_215' title='bbox 546 2736 686 2816; x_wconf 77' lang='grc' dir='ltr'><strong><em>Σκεπιὸν]</em></strong></span> <span class='ocrx_word' id='word_1_216' title='bbox 718 2733 879 2814; x_wconf 74' lang='grc' dir='ltr'><em>Λυστρσῖν</em></span> <span class='ocrx_word' id='word_1_217' title='bbox 899 2731 954 2796; x_wconf 73' lang='grc' dir='ltr'><strong><em>καί</em></strong></span> <span class='ocrx_word' id='word_1_218' title='bbox 975 2729 1143 2796; x_wconf 67' lang='lat' dir='ltr'><strong>Sesciacum</strong></span> 
     </span>
     <span class='ocr_line' id='line_1_28' title="bbox 55 2812 1142 2905; baseline 0.002 -22"><span class='ocrx_word' id='word_1_219' title='bbox 55 2824 148 2890; x_wconf 84' lang='lat' dir='ltr'><strong>codex</strong></span> <span class='ocrx_word' id='word_1_220' title='bbox 170 2824 326 2890; x_wconf 83' lang='lat' dir='ltr'><strong>Vulcanii·</strong></span> <span class='ocrx_word' id='word_1_221' title='bbox 379 2823 456 2886; x_wconf 88' lang='lat' dir='ltr'><strong>haee</strong></span> <span class='ocrx_word' id='word_1_222' title='bbox 477 2822 547 2905; x_wconf 83' lang='lat' dir='ltr'><strong>quid</strong></span> <span class='ocrx_word' id='word_1_223' title='bbox 578 2821 696 2898; x_wconf 87' lang='lat' dir='ltr'><strong>velint,</strong></span> <span class='ocrx_word' id='word_1_224' title='bbox 716 2838 778 2883; x_wconf 85' lang='lat' dir='ltr'><strong>non</strong></span> <span class='ocrx_word' id='word_1_225' title='bbox 801 2821 894 2893; x_wconf 78' lang='lat' dir='ltr'><strong>facile</strong></span> <span class='ocrx_word' id='word_1_226' title='bbox 920 2821 1038 2886; x_wconf 82' lang='lat' dir='ltr'><strong>dixero.</strong></span> <span class='ocrx_word' id='word_1_227' title='bbox 1081 2812 1142 2887; x_wconf 84' lang='lat' dir='ltr'><strong>virt</strong></span> 
     </span>
     <span class='ocr_line' id='line_1_29' title="bbox 54 2901 1141 2993; baseline 0 -27"><span class='ocrx_word' id='word_1_228' title='bbox 54 2907 140 2989; x_wconf 87' lang='lat' dir='ltr'><strong>docti,</strong></span> <span class='ocrx_word' id='word_1_229' title='bbox 168 2911 221 2993; x_wconf 82' lang='lat' dir='ltr'><strong>qai</strong></span> <span class='ocrx_word' id='word_1_230' title='bbox 240 2907 401 2970; x_wconf 87' lang='lat' dir='ltr'><strong>occasione</strong></span> <span class='ocrx_word' id='word_1_231' title='bbox 422 2906 528 2969; x_wconf 85' lang='lat' dir='ltr'><strong>ohlata</strong></span> <span class='ocrx_word' id='word_1_232' title='bbox 548 2905 580 2966; x_wconf 90' lang='lat' dir='ltr'><strong>in</strong></span> <span class='ocrx_word' id='word_1_233' title='bbox 612 2923 650 2966; x_wconf 91' lang='lat' dir='ltr'><strong>ea</strong></span> <span class='ocrx_word' id='word_1_234' title='bbox 669 2904 850 2980; x_wconf 87' lang='lat' dir='ltr'><strong>inciderunt,</strong></span> <span class='ocrx_word' id='word_1_235' title='bbox 872 2903 1064 2978; x_wconf 84' lang='lat' dir='ltr'><strong>coniecturis,</strong></span> <span class='ocrx_word' id='word_1_236' title='bbox 1085 2901 1141 2966; x_wconf 85' lang='lat' dir='ltr'><strong>sod</strong></span> 
     </span>
     <span class='ocr_line' id='line_1_30' title="bbox 53 2983 1141 3068; baseline -0.005 -16"><span class='ocrx_word' id='word_1_237' title='bbox 53 3009 157 3068; x_wconf 84' lang='lat' dir='ltr'><strong>parurn</strong></span> <span class='ocrx_word' id='word_1_238' title='bbox 177 2992 286 3064; x_wconf 84' lang='lat' dir='ltr'><strong>certis,</strong></span> <span class='ocrx_word' id='word_1_239' title='bbox 309 2991 508 3054; x_wconf 84' lang='lat' dir='ltr'><strong>indulserant.</strong></span> <span class='ocrx_word' id='word_1_240' title='bbox 551 2987 702 3050; x_wconf 79' lang='lat' dir='ltr'><strong>Palmario</strong></span> <span class='ocrx_word' id='word_1_241' title='bbox 724 2987 762 3048; x_wconf 81' lang='lat' dir='ltr'><strong>G.</strong></span> <span class='ocrx_word' id='word_1_242' title='bbox 784 2985 821 3048; x_wconf 87' lang='grc' dir='ltr'><strong>Α.</strong></span> <span class='ocrx_word' id='word_1_243' title='bbox 846 2992 862 3048; x_wconf 88' lang='grc'>1</span> <span class='ocrx_word' id='word_1_244' title='bbox 885 2992 937 3062; x_wconf 85' lang='grc'><strong>31,</strong></span> <span class='ocrx_word' id='word_1_245' title='bbox 956 2983 1141 3067; x_wconf 78' lang='lat' dir='ltr'><strong>quodcun-</strong></span> 
     </span>
     <span class='ocr_line' id='line_1_31' title="bbox 53 3060 1140 3150; baseline -0.013 -16"><span class='ocrx_word' id='word_1_246' title='bbox 53 3079 201 3140; x_wconf 82' lang='lat' dir='ltr'><strong>staatinus</strong></span> <span class='ocrx_word' id='word_1_247' title='bbox 222 3077 283 3138; x_wconf 77' lang='grc'><strong>1.2</strong></span> <span class='ocrx_word' id='word_1_248' title='bbox 305 3075 410 3138; x_wconf 79' lang='lat' dir='ltr'><strong>&#39;l&#39;hem-</strong></span> <span class='ocrx_word' id='word_1_249' title='bbox 433 3079 455 3136; x_wconf 82' lang='grc'>9</span> <span class='ocrx_word' id='word_1_250' title='bbox 475 3060 603 3149; x_wconf 66' lang='lat' dir='ltr'><strong>Ailou,</strong></span> <span class='ocrx_word' id='word_1_251' title='bbox 622 3067 790 3148; x_wconf 74' lang='grc' dir='ltr'><strong>Λὴσιρων,</strong></span> <span class='ocrx_word' id='word_1_252' title='bbox 813 3063 979 3128; x_wconf 63' lang='lat' dir='ltr'><strong>motator</strong></span> <span class='ocrx_word' id='word_1_253' title='bbox 1000 3071 1140 3150; x_wconf 75' lang='lat' dir='ltr'><strong>praefer.</strong></span> 
     </span>
     <span class='ocr_line' id='line_1_32' title="bbox 51 3143 1141 3238; baseline -0.011 -15"><span class='ocrx_word' id='word_1_254' title='bbox 51 3166 104 3235; x_wconf 80' lang='lat' dir='ltr'><strong>ret,</strong></span> <span class='ocrx_word' id='word_1_255' title='bbox 127 3162 160 3223; x_wconf 87' lang='lat' dir='ltr'><strong>in</strong></span> <span class='ocrx_word' id='word_1_256' title='bbox 181 3163 315 3226; x_wconf 86' lang='lat' dir='ltr'><strong>mentem</strong></span> <span class='ocrx_word' id='word_1_257' title='bbox 347 3156 433 3218; x_wconf 87' lang='lat' dir='ltr'><strong>venit</strong></span> <span class='ocrx_word' id='word_1_258' title='bbox 453 3173 545 3238; x_wconf 90' lang='lat' dir='ltr'><strong>posse</strong></span> <span class='ocrx_word' id='word_1_259' title='bbox 575 3153 639 3236; x_wconf 84' lang='lat' dir='ltr'><strong>legi</strong></span> <span class='ocrx_word' id='word_1_260' title='bbox 662 3143 842 3232; x_wconf 73' lang='lat' dir='ltr'><strong>Apotp‘paoa</strong></span> <span class='ocrx_word' id='word_1_261' title='bbox 873 3153 924 3213; x_wconf 88' lang='lat' dir='ltr'><strong>vel</strong></span> <span class='ocrx_word' id='word_1_262' title='bbox 955 3151 1047 3216; x_wconf 88' lang='lat' dir='ltr'><strong>etium</strong></span> <span class='ocrx_word' id='word_1_263' title='bbox 1067 3151 1141 3230; x_wconf 78' lang='grc' dir='ltr'><strong>Λη-</strong></span> 
     </span>
     <span class='ocr_line' id='line_1_33' title="bbox 52 3235 1141 3322; baseline 0.002 -26"><span class='ocrx_word' id='word_1_264' title='bbox 52 3241 151 3322; x_wconf 62' lang='lat' dir='ltr'><strong>ovar,</strong></span> <span class='ocrx_word' id='word_1_265' title='bbox 171 3251 207 3307; x_wconf 89' lang='lat' dir='ltr'><strong>nt</strong></span> <span class='ocrx_word' id='word_1_266' title='bbox 236 3242 281 3306; x_wconf 81' lang='lat' dir='ltr'><strong>sit</strong></span> <span class='ocrx_word' id='word_1_267' title='bbox 309 3241 393 3303; x_wconf 85' lang='lat' dir='ltr'><strong>velut</strong></span> <span class='ocrx_word' id='word_1_268' title='bbox 415 3239 577 3321; x_wconf 80' lang='lat' dir='ltr'><strong>epithetum</strong></span> <span class='ocrx_word' id='word_1_269' title='bbox 600 3235 745 3315; x_wconf 81' lang='lat' dir='ltr'><strong>Anionis,</strong></span> <span class='ocrx_word' id='word_1_270' title='bbox 773 3235 886 3297; x_wconf 87' lang='lat' dir='ltr'><strong>navale</strong></span> <span class='ocrx_word' id='word_1_271' title='bbox 906 3235 1067 3316; x_wconf 90' lang='lat' dir='ltr'><strong>piraticum</strong></span> <span class='ocrx_word' id='word_1_272' title='bbox 1089 3235 1141 3298; x_wconf 85' lang='lat' dir='ltr'><strong>vel</strong></span> 
     </span>
     <span class='ocr_line' id='line_1_34' title="bbox 52 3310 1213 3405; baseline -0.013 -16"><span class='ocrx_word' id='word_1_273' title='bbox 52 3323 243 3405; x_wconf 82' lang='lat' dir='ltr'><strong>piratarum,</strong></span> <span class='ocrx_word' id='word_1_274' title='bbox 271 3331 306 3388; x_wconf 92' lang='lat' dir='ltr'><strong>ut</strong></span> <span class='ocrx_word' id='word_1_275' title='bbox 333 3325 365 3387; x_wconf 92' lang='lat' dir='ltr'><strong>in</strong></span> <span class='ocrx_word' id='word_1_276' title='bbox 385 3322 489 3386; x_wconf 82' lang='lat' dir='ltr'><strong>Attica</strong></span> <span class='ocrx_word' id='word_1_277' title='bbox 516 3327 583 3383; x_wconf 88' lang='lat' dir='ltr'><strong>erat</strong></span> <span class='ocrx_word' id='word_1_278' title='bbox 612 3311 734 3397; x_wconf 73' lang='grc' dir='ltr'><em>Φώρων</em></span> <span class='ocrx_word' id='word_1_279' title='bbox 756 3310 867 3396; x_wconf 71' lang='grc' dir='ltr'><strong>λιμήν,</strong></span> <span class='ocrx_word' id='word_1_280' title='bbox 890 3320 991 3380; x_wconf 85' lang='lat' dir='ltr'><strong>lirrum</strong></span> <span class='ocrx_word' id='word_1_281' title='bbox 1012 3325 1139 3400; x_wconf 77' lang='lat' dir='ltr'><strong>portast</strong></span> <span class='ocrx_word' id='word_1_282' title='bbox 1209 3365 1213 3374; x_wconf 88' lang='grc'><em>,</em></span> 
     </span>
     <span class='ocr_line' id='line_1_35' title="bbox 53 3399 1140 3494; baseline -0.006 -26"><span class='ocrx_word' id='word_1_283' title='bbox 53 3407 96 3468; x_wconf 87' lang='lat' dir='ltr'><strong>cui</strong></span> <span class='ocrx_word' id='word_1_284' title='bbox 110 3408 366 3494; x_wconf 81' lang='lat' dir='ltr'><strong>smpinionimas,</strong></span> <span class='ocrx_word' id='word_1_285' title='bbox 378 3407 541 3469; x_wconf 84' lang='lat' dir='ltr'><strong>verborum</strong></span> <span class='ocrx_word' id='word_1_286' title='bbox 554 3403 689 3466; x_wconf 90' lang='lat' dir='ltr'><strong>ordinem</strong></span> <span class='ocrx_word' id='word_1_287' title='bbox 712 3399 805 3464; x_wconf 88' lang='lat' dir='ltr'><strong>aliter</strong></span> <span class='ocrx_word' id='word_1_288' title='bbox 825 3401 1009 3484; x_wconf 84' lang='lat' dir='ltr'><strong>digerentes,</strong></span> <span class='ocrx_word' id='word_1_289' title='bbox 1031 3408 1140 3464; x_wconf 84' lang='lat' dir='ltr'><strong>contra</strong></span> 
     </span>
     <span class='ocr_line' id='line_1_36' title="bbox 52 3483 1140 3572; baseline -0.009 -20"><span class='ocrx_word' id='word_1_290' title='bbox 52 3495 195 3572; x_wconf 76' lang='lat' dir='ltr'><strong>ueniunt3</strong></span> <span class='ocrx_word' id='word_1_291' title='bbox 221 3491 349 3556; x_wconf 78' lang='lat' dir='ltr'><strong>obstant</strong></span> <span class='ocrx_word' id='word_1_292' title='bbox 369 3491 701 3572; x_wconf 76' lang='lat' dir='ltr'><strong>quoqueliomanorum</strong></span> <span class='ocrx_word' id='word_1_293' title='bbox 713 3485 810 3564; x_wconf 86' lang='lat' dir='ltr'><strong>leges,</strong></span> <span class='ocrx_word' id='word_1_294' title='bbox 829 3485 989 3564; x_wconf 89' lang='lat' dir='ltr'><strong>piraticam</strong></span> <span class='ocrx_word' id='word_1_295' title='bbox 1002 3483 1140 3566; x_wconf 80' lang='lat' dir='ltr'><strong>proscri-</strong></span> 
     </span>
     <span class='ocr_line' id='line_1_37' title="bbox 51 3561 1141 3642; baseline -0.01 -8"><span class='ocrx_word' id='word_1_296' title='bbox 51 3571 164 3642; x_wconf 83' lang='lat' dir='ltr'><strong>hentes.</strong></span> <span class='ocrx_word' id='word_1_297' title='bbox 188 3579 225 3640; x_wconf 77' lang='lat'><strong>¹1·</strong></span> <span class='ocrx_word' id='word_1_298' title='bbox 238 3574 424 3638; x_wconf 84' lang='lat' dir='ltr'><strong>llolsteiuius</strong></span> <span class='ocrx_word' id='word_1_299' title='bbox 438 3573 470 3636; x_wconf 92' lang='lat' dir='ltr'><strong>in</strong></span> <span class='ocrx_word' id='word_1_300' title='bbox 479 3571 633 3636; x_wconf 80' lang='lat' dir='ltr'><strong>Thesauri</strong></span> <span class='ocrx_word' id='word_1_301' title='bbox 640 3567 790 3633; x_wconf 78' lang='lat' dir='ltr'><strong>eracliani</strong></span> <span class='ocrx_word' id='word_1_302' title='bbox 800 3567 980 3631; x_wconf 81' lang='lat' dir='ltr'><strong>Aestraeum</strong></span> <span class='ocrx_word' id='word_1_303' title='bbox 989 3561 1141 3642; x_wconf 80' lang='grc' dir='ltr'><em>Αἴστρων</em></span> 
     </span>
     <span class='ocr_line' id='line_1_38' title="bbox 52 3649 1139 3744; baseline -0.01 -22"><span class='ocrx_word' id='word_1_304' title='bbox 52 3665 233 3744; x_wconf 84' lang='lat' dir='ltr'><strong>praeoptat,</strong></span> <span class='ocrx_word' id='word_1_305' title='bbox 258 3660 495 3739; x_wconf 77' lang='lat' dir='ltr'><strong>aestramnque</strong></span> <span class='ocrx_word' id='word_1_306' title='bbox 520 3656 639 3736; x_wconf 89' lang='lat' dir='ltr'><strong>pariter</strong></span> <span class='ocrx_word' id='word_1_307' title='bbox 659 3657 693 3715; x_wconf 87' lang='lat' dir='ltr'><strong>ut</strong></span> <span class='ocrx_word' id='word_1_308' title='bbox 712 3651 843 3714; x_wconf 83' lang='lat' dir='ltr'><strong>carolus</strong></span> <span class='ocrx_word' id='word_1_309' title='bbox 866 3670 886 3713; x_wconf 92' lang='lat' dir='ltr'><strong>a</strong></span> <span class='ocrx_word' id='word_1_310' title='bbox 905 3651 939 3714; x_wconf 86' lang='lat' dir='ltr'><strong>S.</strong></span> <span class='ocrx_word' id='word_1_311' title='bbox 961 3649 1069 3712; x_wconf 84' lang='lat' dir='ltr'><strong>Paullo</strong></span> <span class='ocrx_word' id='word_1_312' title='bbox 1089 3650 1139 3712; x_wconf 87' lang='lat' dir='ltr'><strong>in-</strong></span> 
     </span>
     <span class='ocr_line' id='line_1_39' title="bbox 51 3731 1138 3826; baseline -0.008 -24"><span class='ocrx_word' id='word_1_313' title='bbox 51 3743 180 3826; x_wconf 88' lang='lat' dir='ltr'><strong>telligit;</strong></span> <span class='ocrx_word' id='word_1_314' title='bbox 203 3742 288 3826; x_wconf 86' lang='lat' dir='ltr'><strong>quod</strong></span> <span class='ocrx_word' id='word_1_315' title='bbox 305 3742 445 3822; x_wconf 84' lang='lat' dir='ltr'><strong>oppidum</strong></span> <span class='ocrx_word' id='word_1_316' title='bbox 468 3759 534 3802; x_wconf 87' lang='lat' dir='ltr'><strong>oum</strong></span> <span class='ocrx_word' id='word_1_317' title='bbox 555 3739 588 3801; x_wconf 93' lang='lat' dir='ltr'><strong>in</strong></span> <span class='ocrx_word' id='word_1_318' title='bbox 608 3734 790 3800; x_wconf 88' lang='lat' dir='ltr'><strong>lllacedonia</strong></span> <span class='ocrx_word' id='word_1_319' title='bbox 815 3735 947 3795; x_wconf 83' lang='lat' dir='ltr'><strong>secunda</strong></span> <span class='ocrx_word' id='word_1_320' title='bbox 969 3731 1009 3796; x_wconf 90' lang='lat' dir='ltr'><strong>ah</strong></span> <span class='ocrx_word' id='word_1_321' title='bbox 1029 3731 1138 3795; x_wconf 82' lang='lat' dir='ltr'><strong>lliero-</strong></span> 
     </span>
     <span class='ocr_line' id='line_1_40' title="bbox 52 3815 1138 3902; baseline -0.004 -20"><span class='ocrx_word' id='word_1_322' title='bbox 52 3825 95 3884; x_wconf 87' lang='lat' dir='ltr'><strong>ele</strong></span> <span class='ocrx_word' id='word_1_323' title='bbox 112 3828 209 3891; x_wconf 88' lang='lat' dir='ltr'><strong>luerit</strong></span> <span class='ocrx_word' id='word_1_324' title='bbox 232 3825 424 3902; x_wconf 87' lang='lat' dir='ltr'><strong>collocatum,</strong></span> <span class='ocrx_word' id='word_1_325' title='bbox 447 3822 497 3886; x_wconf 87' lang='lat' dir='ltr'><strong>hio</strong></span> <span class='ocrx_word' id='word_1_326' title='bbox 516 3821 618 3883; x_wconf 84' lang='lat' dir='ltr'><strong>sedem</strong></span> <span class='ocrx_word' id='word_1_327' title='bbox 638 3818 777 3881; x_wconf 82' lang='lat' dir='ltr'><strong>obtinere</strong></span> <span class='ocrx_word' id='word_1_328' title='bbox 798 3835 860 3879; x_wconf 91' lang='lat' dir='ltr'><strong>non</strong></span> <span class='ocrx_word' id='word_1_329' title='bbox 881 3821 990 3897; x_wconf 86' lang='lat' dir='ltr'><strong>potest</strong></span> <span class='ocrx_word' id='word_1_330' title='bbox 1033 3815 1071 3878; x_wconf 87' lang='lat' dir='ltr'><strong>de</strong></span> <span class='ocrx_word' id='word_1_331' title='bbox 1091 3815 1138 3878; x_wconf 89' lang='lat' dir='ltr'><strong>al-</strong></span> 
     </span>
     <span class='ocr_line' id='line_1_41' title="bbox 51 3897 1140 3972; baseline -0.009 -2"><span class='ocrx_word' id='word_1_332' title='bbox 51 3917 113 3972; x_wconf 92' lang='lat' dir='ltr'><strong>tero</strong></span> <span class='ocrx_word' id='word_1_333' title='bbox 135 3908 272 3971; x_wconf 76' lang='grc' dir='ltr'><em>Σκεπῶν</em></span> <span class='ocrx_word' id='word_1_334' title='bbox 296 3927 360 3970; x_wconf 89' lang='lat' dir='ltr'><strong>non</strong></span> <span class='ocrx_word' id='word_1_335' title='bbox 379 3909 479 3970; x_wconf 88' lang='lat' dir='ltr'><strong>minor</strong></span> <span class='ocrx_word' id='word_1_336' title='bbox 505 3903 686 3968; x_wconf 80' lang='lat' dir='ltr'><strong>haesitatio:</strong></span> <span class='ocrx_word' id='word_1_337' title='bbox 711 3901 842 3965; x_wconf 80' lang='lat' dir='ltr'><strong>Carolus</strong></span> <span class='ocrx_word' id='word_1_338' title='bbox 863 3918 883 3962; x_wconf 92' lang='lat' dir='ltr'><strong>a</strong></span> <span class='ocrx_word' id='word_1_339' title='bbox 905 3897 939 3963; x_wconf 85' lang='lat' dir='ltr'><strong>S.</strong></span> <span class='ocrx_word' id='word_1_340' title='bbox 962 3897 1069 3962; x_wconf 86' lang='lat' dir='ltr'><strong>Paullo</strong></span> <span class='ocrx_word' id='word_1_341' title='bbox 1092 3899 1140 3961; x_wconf 85' lang='lat' dir='ltr'><strong>ri·</strong></span> 
     </span>
     <span class='ocr_line' id='line_1_42' title="bbox 52 3981 1139 4067; baseline -0.008 -15"><span class='ocrx_word' id='word_1_342' title='bbox 52 3991 177 4058; x_wconf 85' lang='lat' dir='ltr'><strong>deodnnr</strong></span> <span class='ocrx_word' id='word_1_343' title='bbox 199 4009 273 4056; x_wconf 86' lang='lat' dir='ltr'><strong>esee</strong></span> <span class='ocrx_word' id='word_1_344' title='bbox 297 3999 398 4054; x_wconf 88' lang='lat' dir='ltr'><strong>mouet</strong></span> <span class='ocrx_word' id='word_1_345' title='bbox 419 4009 459 4052; x_wconf 87' lang='lat' dir='ltr'><strong>an</strong></span> <span class='ocrx_word' id='word_1_346' title='bbox 481 3984 673 4048; x_wconf 76' lang='lat' dir='ltr'><strong>Kocoxenoiv</strong></span> <span class='ocrx_word' id='word_1_347' title='bbox 694 3985 760 4067; x_wconf 83' lang='lat' dir='ltr'><strong>legi</strong></span> <span class='ocrx_word' id='word_1_348' title='bbox 781 3983 894 4064; x_wconf 77' lang='lat' dir='ltr'><strong>possit3</strong></span> <span class='ocrx_word' id='word_1_349' title='bbox 916 3983 968 4045; x_wconf 91' lang='lat' dir='ltr'><strong>uhi</strong></span> <span class='ocrx_word' id='word_1_350' title='bbox 991 3981 1139 4046; x_wconf 85' lang='lat' dir='ltr'><strong>maximo-</strong></span> 
     </span>
     <span class='ocr_line' id='line_1_43' title="bbox 52 4063 1137 4160; baseline -0.011 -23"><span class='ocrx_word' id='word_1_351' title='bbox 52 4093 119 4155; x_wconf 88' lang='lat' dir='ltr'><strong>pere</strong></span> <span class='ocrx_word' id='word_1_352' title='bbox 140 4080 256 4141; x_wconf 87' lang='lat' dir='ltr'><strong>vcllem</strong></span> <span class='ocrx_word' id='word_1_353' title='bbox 277 4081 321 4153; x_wconf 84' lang='lat' dir='ltr'><strong>nt,</strong></span> <span class='ocrx_word' id='word_1_354' title='bbox 342 4073 415 4157; x_wconf 75' lang='lat' dir='ltr'><strong>quid</strong></span> <span class='ocrx_word' id='word_1_355' title='bbox 433 4071 555 4136; x_wconf 89' lang='lat' dir='ltr'><strong>tandem</strong></span> <span class='ocrx_word' id='word_1_356' title='bbox 568 4068 742 4148; x_wconf 84' lang='lat' dir='ltr'><strong>Cacseepon</strong></span> <span class='ocrx_word' id='word_1_357' title='bbox 756 4067 859 4146; x_wconf 85' lang='lat' dir='ltr'><strong>luerit,</strong></span> <span class='ocrx_word' id='word_1_358' title='bbox 881 4067 1043 4128; x_wconf 84' lang='lat' dir='ltr'><strong>docuisset.</strong></span> <span class='ocrx_word' id='word_1_359' title='bbox 1065 4063 1137 4160; x_wconf 77' lang='lat' dir='ltr'><strong>Pal·</strong></span> 
     </span>
     <span class='ocr_line' id='line_1_44' title="bbox 52 4149 1138 4298; baseline -0.009 -79"><span class='ocrx_word' id='word_1_360' title='bbox 52 4164 140 4224; x_wconf 85' lang='lat' dir='ltr'><strong>morio</strong></span> <span class='ocrx_word' id='word_1_361' title='bbox 162 4158 295 4220; x_wconf 71' lang='grc' dir='ltr'><strong>Σκειιῶν</strong></span> <span class='ocrx_word' id='word_1_362' title='bbox 318 4177 397 4241; x_wconf 83' lang='lat' dir='ltr'><strong>quae</strong></span> <span class='ocrx_word' id='word_1_363' title='bbox 419 4157 460 4218; x_wconf 85' lang='lat' dir='ltr'><strong>ait</strong></span> <span class='ocrx_word' id='word_1_364' title='bbox 488 4173 550 4217; x_wconf 88' lang='lat' dir='ltr'><strong>aon</strong></span> <span class='ocrx_word' id='word_1_365' title='bbox 571 4153 729 4216; x_wconf 73' lang='lat' dir='ltr'><strong>munierit</strong></span> <span class='ocrx_word' id='word_1_366' title='bbox 773 4149 918 4298; x_wconf 51' lang='lat' dir='ltr'><strong>oppidem,</strong></span> <span class='ocrx_word' id='word_1_367' title='bbox 940 4149 966 4212; x_wconf 85' lang='lat' dir='ltr'><strong>ai</strong></span> <span class='ocrx_word' id='word_1_368' title='bbox 985 4153 1138 4242; x_wconf 73' lang='lat' dir='ltr'><strong>sententia</strong></span> 
     </span>
     <span class='ocr_line' id='line_1_45' title="bbox 53 4233 1137 4323; baseline -0.01 -18"><span class='ocrx_word' id='word_1_369' title='bbox 53 4243 87 4306; x_wconf 76' lang='lat' dir='ltr'><strong>sit</strong></span> <span class='ocrx_word' id='word_1_370' title='bbox 105 4245 249 4323; x_wconf 84' lang='lat' dir='ltr'><strong>terenda,</strong></span> <span class='ocrx_word' id='word_1_371' title='bbox 270 4239 422 4323; x_wconf 75' lang='grc' dir='ltr'><strong>Λιστρῶν</strong></span> <span class='ocrx_word' id='word_1_372' title='bbox 443 4255 511 4303; x_wconf 84' lang='lat' dir='ltr'><strong>esec</strong></span> <span class='ocrx_word' id='word_1_373' title='bbox 534 4237 642 4304; x_wconf 84' lang='lat' dir='ltr'><strong>dixero</strong></span> <span class='ocrx_word' id='word_1_374' title='bbox 668 4251 771 4301; x_wconf 85' lang='lat' dir='ltr'><strong>norae</strong></span> <span class='ocrx_word' id='word_1_375' title='bbox 821 4251 881 4316; x_wconf 86' lang='lat' dir='ltr'><strong>pur</strong></span> <span class='ocrx_word' id='word_1_376' title='bbox 899 4233 1068 4307; x_wconf 74' lang='lat' dir='ltr'><strong>culeum,</strong></span> <span class='ocrx_word' id='word_1_377' title='bbox 1088 4245 1137 4294; x_wconf 84' lang='lat' dir='ltr'><strong>aru</strong></span> 
     </span>
    </p>
   </div>
   <div class='ocr_carea' id='block_1_5' title="bbox 97 4363 929 4444">
    <p class='ocr_par' dir='ltr' id='par_1_6' title="bbox 97 4363 929 4444">
     <span class='ocr_line' id='line_1_46' title="bbox 97 4363 929 4444; baseline 0 -17"><span class='ocrx_word' id='word_1_378' title='bbox 97 4377 190 4429; x_wconf 80' lang='lat' dir='ltr'><strong>Currat.</strong></span> <span class='ocrx_word' id='word_1_379' title='bbox 210 4369 346 4444; x_wconf 67' lang='lat' dir='ltr'><strong>Porphyr·</strong></span> <span class='ocrx_word' id='word_1_380' title='bbox 893 4363 929 4418; x_wconf 68' lang='lat'><strong>2⁸</strong></span> 
     </span>
    </p>
   </div>
   <div class='ocr_carea' id='block_1_6' title="bbox 0 0 1538 4867">
    <p class='ocr_par' dir='ltr' id='par_1_7' title="bbox 0 0 1538 4867">
     <span class='ocr_line' id='line_1_47' title="bbox 0 0 1538 4867; baseline 0 3"><span class='ocrx_word' id='word_1_381' title='bbox 0 0 1538 4867; x_wconf 95' lang='lat' dir='ltr'><strong> </strong></span> 
     </span>
    </p>
   </div>
  </div>
 </body>
</html>
