3067 4867
275 193 317 256 uu
345 186 615 255 oonsrnnnrnr
647 189 796 254 nonan.
824 189 880 252 on
905 189 1031 252 man.
1062 192 1098 252 n.
1114 186 1155 254 n.
1191 184 1266 272 aaa

175 357 225 424 his
246 360 338 425 etiam
371 361 538 426 meantium
561 359 765 426 macondus
786 361 809 424 l
833 365 873 424 dl
894 366 925 442 1,
946 360 994 424 tta
1012 365 1114 426 nmen
1132 370 1169 426 at
1189 364 1264 428 sub·

175 444 294 507 duhitet
314 463 383 507 num
405 445 465 508 duo
485 447 609 511 diversa
631 447 694 509 sint
714 444 848 527 oppida3
865 445 946 527 qood
967 445 1086 526 quidem
1106 446 1265 530 Appianas

177 528 405 594 Alexandrinus
432 528 523 594 civil
543 537 564 592 a
584 531 707 593 omnino
726 529 880 605 affirmat,
901 527 1042 609 inquiens
1061 529 1264 610 Epidamnum

173 613 298 694 paulurn
318 621 465 675 remotum
479 613 599 692 amari,
612 611 836 690 hynhaennm
855 628 931 674 vero
943 629 1040 692 prope
1059 611 1159 694 ipsum
1177 631 1264 678 mare

173 695 395 778 Epidamnique
425 699 539 760 narde
560 714 645 774 ease3
674 695 820 777 additque
851 695 910 758 hoe
938 695 1020 758 laiso
1045 697 1265 778 aqudhusdam
1349 763 1353 770 ,

173 778 375 859 Epidamnum
395 779 516 859 dietum,
538 789 647 860 postea
669 786 771 842 tamen
790 780 835 842 sie
848 777 1033 842 nominatum
1052 797 1075 842 a
1091 779 1265 858 Coroneu-

174 861 269 938 sihus‚
289 862 370 944 quod
393 863 575 940 Dyrrhachii
595 881 705 926 nomeu
719 861 886 926 ominosum
905 860 1093 938 habetatum
1112 869 1265 928 vetustam

175 951 277 1010 autem
296 945 532 1028 appellationem
553 948 664 1010 vicisse
685 952 718 1008 et
729 945 914 1023 Pyrrhaehii
933 964 1045 1013 nomen
1062 965 1196 1013 manere.
1219 948 1265 1010 sie

173 1027 331 1108 disorepat
353 1047 374 1092 a
394 1031 503 1094 ueteris
523 1031 661 1094 omnihus
676 1030 834 1113 Appianas
841 1048 856 1104 :b
872 1029 926 1092 ille
949 1029 1060 1111 quippe
1077 1029 1265 1106 Dyrrhachii

173 1128 284 1176 nomen
304 1113 481 1192 ominosum,
501 1115 595 1176 ceteri
615 1113 777 1197 Epidamni
797 1111 931 1190 laduut3
960 1113 1016 1175 ille
1043 1113 1174 1176 nominis
1193 1132 1264 1176 mu·
1388 1182 1390 1185 ,

172 1193 320 1258 ationem
350 1194 606 1274 Ueronensibus,
641 1197 737 1260 ceteri
765 1195 912 1269 Romanis
939 1193 1126 1260 adscribunt
1168 1214 1262 1278 prae-

172 1285 261 1342 terea
279 1279 502 1355 [dyrrhachium
532 1281 644 1344 dietum
672 1279 766 1344 luisse
795 1279 937 1343 nonnulli
959 1280 1146 1342 contendunt
1165 1299 1186 1344 a
1206 1299 1263 1342 no-

170 1361 253 1424 mine
273 1361 356 1426 illius
373 1363 424 1446 qui
444 1364 514 1428 urhi
542 1371 661 1445 portum
693 1361 815 1426 adiecit„
856 1362 911 1426 alii
930 1362 1131 1440 Eysraehium
1152 1363 1263 1445 appel-

169 1445 284 1525 larunt,
306 1449 341 1510 ut
363 1445 541 1511 Alexander
558 1449 591 1510 in
609 1467 666 1512 sua
686 1447 831 1528 Europae
852 1445 1059 1528 descriptione
1088 1446 1170 1528 apud
1192 1446 1262 1509 Ste-

170 1528 314 1610 phanum.
357 1529 534 1594 Eustathius
553 1531 626 1594 item
655 1531 688 1594 in
709 1529 934 1594 commentariis
963 1530 1004 1591 ad
1025 1529 1202 1607 Dionysium
1222 1530 1262 1592 de

169 1611 240 1675 Situ
261 1611 352 1674 θεοῖο
373 1613 445 1675 inde
468 1613 597 1676 nominis
617 1613 836 1696 etymologiam
855 1611 995 1676 deducit:
1019 1606 1055 1672 τὸ
1076 1610 1262 1693 Δυρράχιον

168 1691 263 1774 δηλοῖ
285 1691 321 1754 εἰι
347 1693 404 1774 τῆς
434 1690 582 1776 τοιαύτης
608 1689 746 1776 κλήσεως
773 1691 828 1774 τὴν
856 1691 916 1754 τοῦ
941 1689 1038 1754 τόπου
1068 1689 1261 1776 τραχύτητα.

167 1771 347 1858 δοσράχιον
366 1771 427 1855 γάρ
450 1775 546 1858 ἐστιν,
569 1769 587 1837 ὅ
605 1777 671 1839 εὀτι
691 1776 870 1856 δοσέξοχον.
918 1776 1042 1856 τρέψον
1062 1775 1099 1838 δὲ
1118 1772 1153 1836 τὸ
1174 1797 1194 1836 o
1215 1775 1262 1848 εἰς

168 1855 425 1940 ρειίφωνότερον
453 1863 595 1922 καλεῖται
623 1854 823 1942 Δυρράχιον,
848 1852 933 1919 καθὰ
963 1859 1020 1919 aad
1038 1856 1073 1918 ro*
1101 1851 1262 1940 Τορσηνός

173 1934 343 2021 Τυρρηνός.
386 1943 457 2006 vide
478 1963 556 2028 quae
575 1945 655 2009 hano
674 1946 707 2009 in
726 1961 793 2008 rem
813 1942 907 2007 hahet
921 1942 1001 2006 Eion
1018 1943 1149 2006 Nieaeus
1169 1943 1192 2004 l.
1209 1945 1261 2008 41.

168 2031 305 2088 aeterum
318 2025 494 2092 llolstenius
515 2027 547 2092 in
573 2029 654 2092 notis
687 2029 728 2092 ad
759 2027 784 2091 S
837 2025 950 2090 hanam
977 2026 1087 2089 laudat
1106 2025 1262 2089 collectio-

167 2127 239 2172 nem
260 2111 412 2174 nominum
431 2112 601 2196 geograph.
623 2131 664 2176 ex
690 2130 737 2174 ms
763 2130 800 2174 eo
822 2158 831 2174 .
852 2111 941 2192 vm,
970 2110 1023 2172 uhi
1044 2109 1090 2171 sie
1111 2109 1150 2170 de
1172 2109 1260 2172 hrrius

166 2192 298 2255 nominis
327 2196 531 2279 etymologia:
561 2187 747 2274 Δυρράχιον
780 2188 873 2265 πόλις
903 2190 1081 2270 καλουμένη
1110 2183 1261 2270 πρότερον

159 2269 362 2352 menapum.
405 2273 579 2360 ω’νομοὶσθη
607 2275 643 2340 δὲ
671 2267 877 2358 Δυρράχιον,
905 2265 956 2335 ὅτι
985 2269 1068 2335 κατὰ
1089 2269 1147 2335 τὸν
1166 2270 1262 2335 τόπον

163 2353 364 2440 προεχούσης
391 2348 490 2440 ἄκρος
513 2355 673 2442 γεωλόφον
700 2356 734 2420 τὸ
754 2363 843 2435 κῦμα
862 2362 1059 2438 προσπῖπτον
1076 2352 1132 2417 καὶ
1152 2351 1262 2434 σχιζό-

162 2459 258 2519 μενον
278 2431 395 2524 ῥαχίαν
415 2447 503 2503 ποιεῖ
521 2438 669 2526 μεγάλην,
688 2431 765 2504 ὅθεν
785 2437 838 2502 dud
859 2439 917 2522 τὴν
930 2436 1049 2524 papeha
1057 2435 1114 2502 καὶ
1124 2435 1159 2502 τὸ
1180 2436 1260 2501 δύο.

168 2540 269 2606 ορμον
289 2519 392 2598 οὕτως
413 2523 597 2606 ω’νομοὶσθη.

248 2611 301 2688 56,
329 2614 382 2673 17.
429 2603 510 2686 μετὰ
536 2607 572 2668 δὲ
592 2601 646 2669 οόν
669 2598 842 2682 Ῥιζόνικον
867 2596 1006 2682 Asuada]
1029 2605 1170 2670 Totidem
1187 2624 1261 2668 ver-

165 2689 216 2753 his
235 2691 313 2756 haee
334 2691 430 2758 hahet
453 2691 568 2756 Strabo
590 2691 613 2755 l
635 2694 666 2771 d,
698 2689 760 2754 nisi
791 2689 872 2773 quod
900 2688 944 2752 ihi
974 2688 1092 2771 legitor
1117 2682 1196 2766 μετὰ
1224 2687 1261 2750 dd

162 2767 220 2833 τὸν
234 2769 407 2851 Ῥιζὸνικον
426 2770 542 2835 κόλπον
551 2796 563 2852 ,·
593 2772 675 2858 qnod
695 2773 816 2856 quidem
833 2774 867 2836 in
892 2773 1095 2836 Constantino
1113 2773 1260 2836 suhintel-

166 2857 287 2939 ligitur.
330 2859 411 2923 unde
440 2865 493 2922 aut
516 2857 593 2922 haee
614 2857 786 2934 Philonem,
816 2874 904 2939 quern
926 2854 975 2919 hie
993 2856 1102 2918 laudat
1121 2855 1261 2938 Porphy-

164 2943 336 3024 engenius,
357 2941 499 3007 hausisse
519 2961 559 3005 er
575 2940 730 3006 Strabone
751 2940 910 3002 dicendum
932 2945 988 3017 est,
1009 2945 1063 3002 aut
1076 2937 1260 3002 §malonem

166 3041 207 3087 ex
227 3025 364 3090 Philone.
406 3025 460 3089 sed
503 3026 550 3088 uis
581 3025 639 3088 iste
662 3023 751 3087 Philo
780 3024 822 3086 sit
846 3029 878 3086 et
898 3041 957 3105 quo
977 3027 1114 3103 tempore
1135 3021 1260 3098 vixerit,

165 3125 229 3171 non
249 3109 356 3192 liquet,
378 3127 445 3174 curn
466 3043 573 3191 piures
593 3107 709 3172 fuerint
728 3106 889 3188 Philones,
916 3111 952 3168 ut
979 3112 1066 3187 patet
1088 3123 1129 3170 ex
1147 3105 1259 3168 Vossio

164 3191 205 3253 de
232 3188 387 3256 historicis
408 3193 548 3256 Graecis.
600 3196 633 3254 et
659 3191 708 3253 hio
732 3191 852 3274 quidem
881 3189 1030 3254 laudatur
1058 3207 1080 3252 a
1099 3187 1259 3271 Stephano

162 3274 254 3338 Philo
276 3275 309 3335 ἐν
328 3279 393 3348 τοῖς
407 3275 578 3354 Ἰαιρικοῖς,
599 3275 733 3338 medicus
753 3275 809 3337 ille
827 3273 971 3337 lomassis
984 3273 1149 3336 Tarsensis
1169 3279 1259 3336 vetu-

163 3359 324 3434 stissimus,
343 3361 394 3442 qui
417 3379 439 3424 ο
462 3359 582 3423 Galeno
604 3359 726 3422 eitanu.
769 3363 802 3420 et
821 3357 897 3422 alibi
915 3356 1031 3439 pass‘an
1051 3356 1198 3420 laudatur
1217 3356 1258 3420 ah

161 3443 271 3505 eodem
302 3441 460 3525 Stephano
491 3443 580 3506 Philo
601 3441 745 3520 aptitus,
774 3441 827 3524 qui
855 3439 986 3526 Traiani
1010 3446 1149 3520 tempore
1168 3438 1257 3504 vixit

162 3525 218 3588 sed
241 3525 281 3588 de
302 3527 482 3590 Philouilus
501 3529 603 3608 plura,
624 3531 659 3589 ut
680 3525 756 3602 dixi,
776 3525 916 3588 Vossius
959 3529 1094 3586 aetem
1113 3522 1257 3605 quemad-

160 3609 283 3672 modum
315 3610 428 3674 dicitur
461 3609 628 3674 corinthus
660 3613 692 3672 et
720 3607 979 3684 lemannum,
1010 3607 1058 3670 ita
1088 3606 1196 3670 linares
1227 3612 1259 3668 et

163 3692 359 3758 Aorolissus:
392 3693 505 3778 quippe
544 3701 579 3756 ut
617 3691 770 3757 corintho
808 3687 1070 3766 immortales,
1096 3689 1143 3752 sie
1167 3690 1258 3754 la'mso

160 3776 338 3839 Aerulissus
359 3777 479 3841 adiaoet
499 3778 532 3840 iu
563 3776 631 3841 alta
660 3793 739 3860 rope
761 3775 933 3840 ominata
984 3771 1130 3851 Polybius
1148 3772 1183 3840 il
1201 3773 1259 3836 do-

242 3939 326 4008 Illa
351 3948 400 4007 1a.
452 3937 493 4024 τῇ
512 3940 706 4027 χερρονήσῳ]
734 3941 936 4025 Epidamnum
953 3943 989 4007 in
1007 3941 1121 4006 ntimo
1141 3939 1255 4022 pelin-

158 4025 249 4091 sulae
268 4027 426 4094 ndusdam
451 4027 542 4092 situm
562 4028 658 4091 deest
681 4034 716 4090 et
733 4025 938 4104 Thucydides
979 4032 1115 4091 edm
1134 4041 1174 4090 eu
1194 4021 1256 4086 hoe
