3067 4867
337 342 410 415 ‘til
685 346 1068 413 nunnamenstonas

420 520 454 587 P.
475 530 522 591 11.
546 524 648 585 inser.
707 516 923 583 Constantinus
950 519 1000 582 bic
1019 519 1160 601 pluribus
1184 537 1206 581 a
1224 515 1434 597 scriptoribus

336 608 479 669 laudatur
511 626 531 667 a
553 605 653 666 studio
675 604 849 667 literarum:
875 624 947 667 nam
969 609 1001 665 et
1023 606 1157 665 iacentes
1177 600 1323 663 liberales
1341 609 1433 662 artes

335 690 366 751 in
394 690 485 751 decus
515 689 675 768 pristinum
697 689 850 766 restituit,
873 688 989 768 etipse
1016 685 1164 767 imprimis
1185 684 1285 746 literis
1304 683 1433 745 deditus

334 784 411 847 erat,
432 779 467 833 ut.
486 778 636 831 testantur
656 770 811 833 Cedrenns
833 771 977 833 Zonaras
1000 769 1116 845 Glycas
1142 767 1266 849 aliique.
1319 767 1432 847 primis

333 876 426 937 porro
448 855 565 934 imperii
596 855 684 915 annis
714 873 877 934 oppressus
899 854 954 917 ille
982 853 1082 915 soceri
1102 851 1275 928 tirannide,
1296 868 1351 913 sce
1370 869 1432 913 ne-

332 941 474 1000 cessitate
500 944 632 1015 coactus,
654 956 708 999 seu
730 938 922 999 dissimulata
939 955 1029 1017 quam
1049 936 1082 998 in
1103 936 1270 997 Romanam
1294 934 1433 1015 gerebm

332 1023 499 1099 simultate,
523 1020 610 1081 libris
630 1020 770 1101 legendis
790 1040 828 1083 ac
847 1020 1016 1102 disciplinis
1040 1018 1210 1081 ediscendis
1229 1023 1323 1099 atque
1344 1017 1430 1079 adeo

332 1104 489 1185 scriptioni
521 1110 616 1168 totum
639 1122 673 1165 se
695 1104 827 1178 dedidit,
847 1104 927 1184 quod
948 1122 1024 1184 prae
1052 1102 1164 1165 ceteris
1185 1106 1318 1163 testatur
1337 1100 1430 1165 nuic

331 1189 467 1268 prandus
487 1192 508 1249 3
529 1192 568 1263 9,
590 1187 642 1248 nbi
663 1186 747 1248 illius
770 1187 913 1267 pietatem
946 1206 984 1248 ac
1005 1186 1108 1249 stadia
1128 1184 1319 1247 commendat
1339 1183 1430 1246 bisce

332 1271 448 1332 verbis:
469 1267 703 1333 Constantinus
726 1273 837 1353 itaque
866 1266 1164 1353 Porpbproqerdtus
1192 1273 1258 1330 tum
1278 1268 1432 1331 annom

331 1360 396 1415 tum
430 1350 625 1419 lectionibus
655 1370 780 1417 vacans
813 1358 915 1419 totmn
942 1370 982 1417 se
1011 1354 1139 1419 domino
1169 1348 1429 1430 commendabat,

330 1455 429 1519 opere
459 1454 605 1499 manuum
639 1441 760 1500 victum
787 1440 988 1521 quaeritans.
1030 1454 1114 1501 sane
1134 1429 1190 1512 τὴν
1216 1432 1427 1513 ζωγραφίαν,

329 1520 364 1583 id
387 1525 439 1582 est
457 1524 630 1601 picturam,
651 1519 770 1602 pulcre
793 1518 983 1584 exercebat.
1008 1540 1084 1585 suae
1104 1519 1224 1583 demum
1244 1521 1345 1581 faetus
1365 1536 1429 1601 po-

329 1604 459 1679 testatis,
481 1621 628 1685 oppresso
650 1612 783 1679 tiranno
804 1606 942 1667 liomano
963 1623 1002 1667 ac
1021 1606 1086 1667 eius
1104 1603 1187 1679 tiliis,
1207 1600 1430 1683 pbilosopbiae

328 1692 360 1749 et
378 1686 548 1749 rhetorices
576 1691 807 1769 ceterarumque
826 1688 957 1752 omnium
980 1693 1013 1751 et
1037 1687 1149 1751 artium
1171 1692 1202 1748 et
1224 1684 1429 1748 earnem

327 1770 430 1833 studia
452 1788 530 1851 pene
548 1770 707 1851 deperdita
727 1771 773 1835 ita
794 1771 979 1835 instauravit
993 1777 1028 1834 ut
1047 1771 1122 1834 urbs
1142 1770 1232 1851 regia
1253 1769 1330 1831 viris
1350 1786 1430 1829 ern-

327 1853 408 1931 citis,
433 1872 507 1939 qrros
531 1872 570 1915 cx
589 1854 732 1917 universo
752 1856 828 1917 orbe
849 1855 969 1934 accivit,
991 1854 1149 1919 abundare
1166 1853 1312 1935 coeperit.
1355 1852 1429 1914 col·

326 1937 414 1999 lectis
438 1938 563 2016 insuper
580 1937 713 2018 nudique
740 1939 920 2018 optimorum
947 1938 1129 2019 scriptorum
1151 1937 1183 1999 in
1204 1937 1285 2002 omni
1305 1934 1429 1998 docui-

326 2038 385 2081 nac
407 2038 521 2100 genere
544 2022 772 2101 exemplaribus
794 2022 967 2085 Palatinam
996 2020 1213 2085 bibliothecam
1240 2020 1279 2082 iis
1302 2018 1430 2081 instru-

325 2102 391 2175 xit,
415 2120 492 2183 quae
518 2121 579 2163 non
611 2103 673 2165 tam
694 2104 788 2185 ipsius
810 2123 901 2187 quam
928 2104 1050 2185 publico
1084 2104 1217 2167 omnium
1237 2102 1306 2165 usai
1327 2104 1426 2167 rore.

326 2202 430 2245 veram
449 2204 515 2247 cum
544 2191 660 2247 tantam
690 2192 812 2269 tamque
842 2188 1018 2251 immensam
1051 2188 1201 2251 librorum
1220 2187 1333 2249 molem
1352 2186 1428 2267 ple»

325 2284 436 2349 rosque
459 2267 498 2329 ab
523 2286 627 2329 eorurn
648 2270 780 2333 lectione
810 2270 968 2333 deterrere
993 2289 1085 2353 posse
1112 2277 1253 2352 putaret,
1280 2270 1367 2350 ipse,
1389 2276 1428 2331 nt

324 2350 491 2431 principem
531 2351 649 2430 decuit,
686 2353 876 2433 singulorum
910 2354 1037 2417 utilitati
1069 2355 1253 2431 consulens,
1280 2360 1429 2415 auctores

324 2452 426 2495 omnes
452 2433 502 2515 qul
524 2434 603 2497 idem
624 2444 837 2516 argumentum
854 2444 1068 2501 tractaverant
1089 2443 1124 2500 ut
1143 2440 1176 2501 in
1195 2456 1289 2501 uurrm
1310 2454 1429 2517 corpas

324 2518 591 2597 compingerentur
620 2521 757 2597 curavit,
789 2519 917 2583 resectis
947 2521 1127 2603 superfluis,
1158 2541 1198 2584 ac
1224 2520 1348 2583 solean
1383 2539 1427 2583 ex

323 2616 503 2683 cirroqunquc
525 2600 676 2681 scriptore
699 2604 776 2665 locis
798 2604 837 2667 iis
861 2620 939 2685 quae
959 2605 1087 2703 quisque
1103 2604 1333 2685 elegantissime
1351 2608 1425 2667 tra-

323 2690 472 2747 ctaverat.
527 2684 607 2749 tales
637 2692 707 2747 sunt
738 2684 770 2747 Γ
768 2686 947 2746 sonoram
975 2686 1050 2751 liin
1080 2688 1120 2751 ab
1147 2690 1204 2751 illo
1226 2684 1370 2765 collecti,
1390 2693 1427 2749 rt
1509 2735 1510 2762 ,

322 2766 395 2827 libri
417 2768 524 2829 titulus
546 2774 577 2829 et
610 2776 824 2849 argumentum
849 2769 1019 2835 declarant.
1071 2771 1126 2834 uti
1151 2763 1215 2835 non
1236 2770 1334 2851 ipsius
1353 2788 1425 2832 csse
1508 2823 1509 2850 ,

324 2848 539 2931 Constantini,
559 2850 613 2913 sed
636 2852 699 2913 eius
715 2852 799 2915 iussu
821 2852 1031 2917 collectionem
1054 2854 1145 2922 atam
1167 2856 1282 2917 iactam
1303 2853 1425 2932 volunt,

323 2948 414 3013 quam
437 2932 541 2997 nescio
563 2934 611 2996 cui
630 2936 778 3011 Dionysio
803 2934 938 2999 Uticensi
962 2936 1110 3000 adscribit
1122 2936 1267 3001 Nicotaus
1287 2936 1423 3003 (daiber-

322 3022 372 3076 tus
396 3016 427 3079 in
449 3017 630 3079 Assertione
652 3020 689 3079 de
712 3018 882 3082 blurrbiuis
900 3038 931 3099 p.
954 3025 1014 3097 23,
1037 3039 1104 3083 cum
1129 3021 1199 3102 alii,
1227 3026 1263 3083 ut
1291 3020 1422 3083 lacobus

322 3099 502 3163 Maussacus
524 3100 564 3161 ad
581 3100 777 3163 Plutarchum
799 3103 837 3163 de
856 3102 1045 3165 Fluminibus
1064 3124 1094 3185 p.
1110 3107 1181 3184 19⁴,
1205 3103 1343 3166 ancmris
1361 3122 1421 3165 no-

321 3199 390 3242 men
408 3182 549 3261 ignorari
573 3184 693 3245 omnino
716 3187 911 3251 contendant.
952 3186 1000 3250 ita
1015 3180 1239 3265 ‘inarescentia
1261 3186 1362 3252 libros
1382 3185 1421 3247 ab

322 3262 428 3323 eodem
452 3283 520 3325 esse
542 3266 688 3329 collectos
710 3268 848 3349 plerique
869 3268 986 3331 volunt
1028 3270 1083 3334 sed
1106 3276 1138 3331 et
1158 3272 1264 3332 Nonus
1285 3269 1421 3331 medicus

322 3344 353 3407 in
384 3345 456 3408 libri
481 3348 519 3407 de
549 3349 722 3412 morborum
755 3352 915 3415 curatione
936 3354 1094 3435 prooemio
1121 3352 1317 3416 Constann'ni
1338 3352 1422 3414 ineu

281 3448 285 3456 ·
321 3430 553 3511 praeceptiones
575 3450 680 3494 ornnes
703 3434 837 3497 medicas
867 3452 907 3496 ex
937 3434 1037 3499 variis
1066 3436 1271 3519 scriptoribus
1294 3435 1422 3513 (bom

321 3520 421 3575 tamen
444 3515 617 3595 suppressis
639 3516 824 3593 nominibus)
853 3518 934 3579 colle
959 3519 1020 3581 'sse
1042 3538 1077 3581 se
1099 3526 1241 3596 testabar.
1285 3518 1421 3581 eiusdem

320 3593 392 3657 item
415 3598 649 3679 argumentis
673 3608 720 3661 est
740 3600 919 3679 medicinae,
959 3602 1070 3665 abetur
1091 3604 1235 3679 anonymi
1258 3602 1421 3683 scriptoris

320 3675 400 3739 liber
428 3680 461 3743 in
482 3680 669 3745 bibliotheca
688 3684 789 3764 Regia
819 3684 893 3762 usqi
920 3680 1045 3763 διαίτης
1077 3704 1132 3749 seu
1153 3687 1192 3747 de
1214 3686 1351 3748 ciborum
1372 3686 1421 3745 ie-

320 3760 455 3835 cultate3
486 3764 569 3825 cuius
597 3764 716 3847 quidem
745 3774 854 3852 auc-tor
883 3768 915 3828 in
944 3769 1138 3849 praelatione
1159 3767 1421 3851 Porphyrogeniti

283 3846 287 3855 '
320 3842 403 3903 iussu
428 3843 458 3904 id
483 3862 517 3905 se
537 3850 639 3926 operis
667 3866 848 3929 aggressum
877 3856 1018 3929 tesana.
1060 3870 1166 3915 verum
1187 3852 1246 3930 bis,
1267 3859 1301 3913 et
1319 3850 1346 3912 si
1369 3851 1420 3932 qai

318 3930 482 4005 praeterea
504 3928 649 3992 eiusmodi
677 3932 748 3993 libri
772 3933 810 3995 ad
839 3934 981 3997 notitiam
1013 3943 1153 4001 nostram
1173 3954 1235 3999 non
1259 3940 1419 4008 venerunt,

318 4015 350 4069 et
372 4008 581 4089 magnitudine
600 4014 701 4093 operis
724 4021 755 4078 et
776 4016 908 4078 utilitate
934 4017 1030 4099 longe
1048 4026 1210 4099 praestant
1230 4018 1421 4081 collectanea

247 4122 250 4133 ·
318 4089 465 4155 historica
499 4094 530 4155 in
551 4096 593 4156 53
614 4096 719 4159 titulos
752 4117 807 4160 seu
837 4098 923 4161 locos
953 4105 1127 4165 communes
1145 4103 1185 4166 ab
1208 4102 1316 4164 eodem
1336 4100 1420 4163 Con-

319 4175 455 4237 stantino
475 4184 530 4239 aut
553 4180 654 4259 potius¹
674 4180 756 4243 illius
778 4181 862 4245 inmo
884 4184 1113 4266 comprehensa
1157 4184 1267 4251 horum
1286 4188 1332 4248 53
1353 4192 1419 4247 tra·
