3067 4867
238 409 282 476 rn
308 391 579 476 coronabunt
605 359 1234 473 ant’n.ttn.bnlblt.nlt1³.3hb

146 583 319 660 lirnsorurn
346 579 387 646 acl
414 581 505 646 blant
530 579 645 646 Christi
663 578 872 646 conradens.
920 583 953 644 ct
970 575 1069 678 prim
1089 574 1172 658 qud
1189 574 1237 642 as

142 667 202 734 ¹hic
222 667 356 748 scriptor
383 663 577 745 anonymus,
607 665 723 742 llnrsm
753 662 933 728 adhaesisse
954 661 1028 724 rntni
1047 660 1237 723 Graecorum

150 756 318 833 propterea
339 749 422 832 qnorl
441 749 545 831 legati
559 749 688 814 Romanu
716 751 748 812 eo
771 746 893 829 Gpolinn
909 743 996 810 ahai
1016 743 1057 808 al
1078 751 1239 822 utrumque

149 834 245 899 ritunn
261 833 525 914 muteuplaurluns
557 834 650 896 ritunr
679 831 831 895 (iram
858 831 997 894 bonnm
1016 827 1237 908 praetulerunt,

38 963 43 976 ,
149 917 261 980 calcu
282 917 379 980 ierne
399 922 568 980 narmntnr
588 915 823 998 ascriptoribus
841 913 881 977 le
900 911 1101 976 conversans
1111 908 1238 972 Wlolo·

73 1065 84 1074 ,.
144 999 223 1064 'uniri
237 1000 404 1063 llnssoruns
426 998 522 1078 lucis,
543 999 594 1082 qni
613 999 702 1064 cleu
716 996 831 1062 Christi
849 995 985 1078 suscepit
1003 991 1239 1076 inperatoribus

58 1087 60 1094 ⁴
150 1083 269 1148 basilio
299 1089 330 1146 et
351 1082 569 1162 Constantino,
597 1081 651 1168 qni
677 1082 780 1162 aliern
794 1080 876 1148 ‚llud
890 1096 1028 1144 accarca
1054 1077 1174 1141 Διωι
1203 1074 1238 1138 in

148 1166 374 1232 matrimonium
395 1165 559 1231 lelcmnt:
579 1161 989 1242 mnr'ethllositutttraeco
1005 1159 1148 1226 albaesb
1164 1175 1239 1240 pro·
1278 1167 1282 1170 ’

150 1257 261 1332 pterea
281 1250 360 1332 quoi
382 1250 499 1332 legati,
518 1267 596 1334 quos
625 1267 665 1314 ca
692 1267 787 1313 causa
806 1246 925 1329 cpolin
943 1247 1080 1324 miserat,
1100 1242 1239 1307 honines

149 1333 292 1398 nimiunn
311 1333 459 1396 militares
473 1339 506 1396 et
520 1331 621 1397 albuc
640 1331 852 1409 semibarbari,
871 1349 926 1394 eos
943 1329 1138 1395 vehementer
1156 1343 1239 1389 con-

148 1415 355 1496 rneulassent,
375 1417 554 1480 mtinorrun
572 1433 647 1480 vcro
668 1415 747 1480 ribos
769 1415 821 1477 rel
841 1413 932 1477 iilenr
945 1415 998 1478 rel
1014 1412 1137 1477 annae
1158 1409 1239 1472 elus-

150 1499 222 1564 rleur
243 1499 298 1563 alii
317 1499 416 1564 nuntii
435 1500 518 1565 haul
539 1499 790 1582 satisrcligiose
807 1497 919 1580 peragi
938 1516 978 1562 ae
995 1497 1111 1579 templa
1130 1509 1240 1576 paru

150 1601 222 1646 esse
252 1588 364 1646 ornata
391 1583 605 1660 rettulissent3
637 1583 697 1646 nisi
722 1582 756 1646 il
788 1587 897 1664 postea
922 1580 1050 1646 Graeci·
1065 1575 1239 1642 schismatis

150 1671 398 1749 propugnatores
412 1667 622 1742 confinxerint,
642 1683 709 1729 annu
723 1664 944 1730 tlolounoa
964 1684 1003 1728 aa
1019 1662 1100 1728 blios
1118 1662 1239 1744 pleros·

150 1767 213 1833 que
243 1753 362 1812 constet
392 1749 561 1814 catholicae
588 1748 661 1812 illei
688 1747 882 1829 comprimis
908 1747 1063 1815 studiosos
1091 1743 1239 1818 extitisse,

148 1849 281 1916 quorun
299 1830 376 1910 luo,
392 1831 493 1896 baril
514 1849 552 1894 ac
569 1833 726 1896 liumus
752 1831 820 1893 sire
838 1829 981 1893 borum
1002 1849 1040 1893 ac
1058 1829 1186 1906 (liebus,
1205 1826 1240 1888 in

150 1915 298 1997 catalogo
318 1919 495 1978 sanaornno
513 1932 535 1978 a
552 1915 660 1982 ltussis
673 1915 780 1978 etiam
796 1914 955 1977 &uanae
979 1912 1128 1976 eoelesioe
1146 1908 1241 1975 unitis

151 2005 358 2064 mentun.
400 1999 481 2080 qual
502 2005 602 2062 auton
618 1997 664 2063 ait
682 1999 723 2062 cle
736 1995 867 2076 cyrillo,
887 1996 916 2059 is
938 2002 987 2059 est
1005 1995 1062 2060 illc
1081 1994 1242 2077 episcopus

151 2087 186 2146 et
204 2081 363 2180 apostolus
384 2080 559 2158 §lavarunt
579 2077 939 2147 §.accumulasset
958 2080 992 2144 iu
1011 2078 1155 2144 bloraria
1175 2075 1241 2158 epi-

151 2183 239 2246 scopi
259 2171 291 2228 et
311 2163 478 2230 Slavornnr
498 2166 570 2230 itern
594 2163 728 2249 apostoli
753 2165 871 2240 haten
892 2180 1018 2245 qnorum
1038 2163 1159 2246 prule·
1176 2178 1241 2224 ne·

148 2249 251 2316 moria
268 2247 380 2312 cohtnr
399 2247 450 2314 lie
469 2254 491 2314 9
509 2246 624 2312 Μαηὶἰ,
679 2245 714 2312 S·
738 2246 875 2325 Gyrillus
906 2264 983 2311 vero
1000 2243 1241 2310 Thessalonicae

152 2338 244 2396 ason
262 2337 311 2394 est
330 2337 362 2393 et
379 2331 464 2414 prins
485 2331 584 2396 lictors
607 2331 666 2396 brit
679 2329 909 2409 consuntinna
929 2331 982 2415 qni
999 2336 1127 2413 propter
1144 2328 1241 2393 nira-

151 2415 215 2480 bile
236 2415 300 2478 eins
322 2413 477 2498 ingenium
505 2413 604 2484 bisina
632 2415 692 2478 init
709 2413 926 2497 philosophus;
956 2415 1145 2496 posnnelnrn
1165 2431 1241 2475 vero

151 2498 192 2561 cle
211 2515 361 2562 consensu
389 2497 540 2580 pontificis
567 2497 703 2572 cyrillus
735 2503 925 2578 nuncupatus
949 2497 1024 2577 luit,
1043 2505 1078 2561 ut
1093 2503 1180 2580 patet
1200 2514 1241 2561 ex

152 2581 220 2646 vita
249 2581 414 2644 coronalem
440 2577 499 2644 SS
528 2578 640 2657 cyrilli
670 2578 950 2657 strictissima
978 2598 1025 2642 rus
1043 2579 1241 2647 Blaniurano

150 2665 238 2728 alita
254 2665 288 2728 in
311 2664 397 2726 Actis
416 2662 600 2727 Sanctorum
632 2657 723 2726 liet
745 2659 860 2726 blartii·
912 2661 1017 2727 earlen
1039 2664 1190 2728 habentor
1209 2669 1241 2730 et

151 2748 186 2812 in
206 2747 270 2812 alia
291 2747 424 2812 eiuslenn
452 2745 519 2810 vita
547 2745 658 2810 ibiclcrn
688 2745 787 2825 etita,
808 2763 927 2808 necnon
946 2745 978 2810 in
1001 2746 1130 2812 historia
1150 2752 1242 2834 regul

152 2831 319 2896 Slavorunn
340 2829 515 2912 presbyteri
534 2829 712 2894 hioeleatio
760 2845 923 2910 perperam
942 2836 1042 2894 amen
1062 2831 1094 2895 in
1112 2831 1242 2899 breria-

152 2915 212 2994 rio‚
232 2932 292 2996 quo
314 2913 404 2977 hodie
425 2913 550 2978 nolani
569 2912 690 2977 Morari
711 2917 744 2974 ct
762 2911 871 2974 Poloni
891 2919 1026 2994 mun,
1047 2916 1131 2979 hcet
1151 2923 1171 2980 1
1194 2918 1241 2982 li.
1266 2939 1271 2948 ,

151 2995 352 3076 cihrrCyrllli
372 3003 404 3060 et
415 2995 563 3060 blethotlii
582 3002 672 3079 pater
689 2993 785 3059 inrisae
800 2991 1017 3060 Counantirms
1039 3007 1241 3080 cognomento

152 3079 368 3164 philosophus:
390 3088 460 3145 erat
479 3079 591 3164 qnippe
612 3079 671 3142 hoc
689 3078 786 3161 ipsius
806 3077 917 3156 cyrilli
936 3097 1056 3160 nornen,
1076 3088 1111 3145 ut
1128 3100 1169 3146 ex
1189 3103 1240 3148 sn·

151 3182 213 3248 pra
231 3164 320 3228 lictis
361 3169 442 3246 atet,
471 3171 563 3227 etex
590 3163 760 3226 assertione
782 3161 940 3227 huntasii
961 3165 1075 3230 oculati
1098 3167 1186 3230 testis
1208 3167 1242 3232 iu

56 3267 58 3270 ·
152 3247 287 3332 epistola
375 3247 520 3312 Garolnnr
544 3243 879 3311 Calrun'llraucornrn
898 3264 934 3310 re
957 3265 1004 3312 cnr
1027 3266 1056 3315 a
1075 3252 1140 3314 875
1157 3250 1243 3334 lata,

152 3349 217 3415 qna
236 3331 357 3395 nuntiat
377 3349 487 3413 corpus
507 3327 541 3393 S.
565 3328 729 3393 clementis
751 3348 852 3411 papae
872 3349 894 3394 a
943 3333 1121 3398 onstantino
1140 3334 1241 3416 philo-

151 3415 252 3496 sopho
281 3416 408 3479 Murem
436 3415 581 3492 allatum
610 3412 696 3512 atqui
728 3420 851 3477 wustat
871 3433 893 3477 a
913 3414 1032 3493 cyrillo
1054 3417 1086 3480 iul
1106 3419 1241 3498 tamn,

153 3498 303 3562 bletholli
321 3499 438 3575 fratre3
460 3515 587 3580 quorum
615 3497 734 3580 quidem
757 3503 847 3578 pater
866 3497 928 3561 luit
946 3499 1010 3562 heo
1030 3500 1186 3583 patricius,
1207 3510 1242 3566 nt

153 3581 262 3646 scribit
281 3581 454 3646 lliocleales
475 3600 505 3663 p·
525 3583 589 3644 288
608 3597 649 3644 ex
668 3581 802 3644 editione
823 3581 868 3643 lo.
889 3581 985 3646 hosii·
1026 3584 1080 3648 sel
1101 3603 1179 3668 quae
1198 3585 1241 3650 ibi
1276 3611 1280 3617 ·
1331 3612 1335 3620 ·

152 3672 258 3729 monet
276 3665 355 3729 irlenr
377 3665 488 3730 hocius
509 3662 759 3728 deconstantino
783 3662 976 3748 philosopho,
995 3661 1116 3744 cyrillo
1135 3669 1242 3732 etllle-

154 3749 272 3826 tholis,
291 3749 394 3813 futilia
413 3747 535 3812 omnino
557 3754 637 3810 sant.
686 3747 791 3811 saleru
814 3747 943 3811 diecula
961 3757 1034 3812 sunt
1051 3750 1091 3812 cle
1110 3751 1242 3834 epistola

153 3833 280 3896 loannis
287 3832 357 3895 Vlll
378 3829 691 3916 papaeSuetoplucho
707 3829 818 3907 conniti,
839 3831 973 3896 elusim
984 3831 1095 3910 Gyrilli
1116 3853 1241 3915 waere,

154 3917 282 3998 scripta,
299 3915 333 3979 in
355 3934 416 3998 qna
436 3916 481 3979 ait
500 3913 730 3978 Constantinum
750 3913 965 3996 philosophum
985 3917 1081 3980 inisse
1099 3918 1242 3982 invento-

155 4017 221 4062 rern
241 3999 400 4062 literar-unns
414 3997 666 4063 slavonicarum:
683 3989 702 4017 ‘⁴
712 3995 852 4060 litteras*
869 3997 967 4081 inanit
981 3995 1202 4065 “Sclavonicos
1222 4020 1243 4066 a

155 4081 359 4147 Constantino
387 4080 517 4165 quolam
545 4079 726 4163 philosopho
746 4086 905 4162 repertas,
929 4083 1037 4166 quihus
1058 4084 1117 4148 leo
1134 4083 1243 4148 laules

155 4165 279 4230 debitae
297 4169 461 4244 resonant,
482 4165 549 4228 inne
570 4163 737 4230 laniantur.
791 4163 966 4243 Anonyrnns
987 4168 1097 4252 quippe
1116 4167 1166 4230 hlc
1185 4186 1241 4232 no-

157 4257 233 4332 ster,
254 4249 436 4331 maleto,
455 4245 534 4316 scta
553 4247 587 4314 S·
609 4245 721 4326 cythii
739 4265 777 4314 ac
794 4249 906 4333 reliqni
925 4249 1094 4335 scriptores
1112 4249 1242 4336 (lyrillc,
