<?xml version="1.0" encoding="UTF-8"?>
<!DOCTYPE html PUBLIC "-//W3C//DTD XHTML 1.0 Transitional//EN"
    "http://www.w3.org/TR/xhtml1/DTD/xhtml1-transitional.dtd">
<html xmlns="http://www.w3.org/1999/xhtml" xml:lang="en" lang="en">
 <head>
  <title>
</title>
<meta http-equiv="Content-Type" content="text/html;charset=utf-8" />
  <meta name='ocr-system' content='tesseract 3.04.00' />
  <meta name='ocr-capabilities' content='ocr_page ocr_carea ocr_par ocr_line ocrx_word'/>
</head>
<body>
  <div class='ocr_page' id='page_1' title='image "./corpusscriptoru00unkngoog/corpusscriptoru00unkngoog_0309.png"; bbox 0 0 3067 4867; ppageno 0'>
   <div class='ocr_carea' id='block_1_1' title="bbox 301 148 1162 218">
    <p class='ocr_par' dir='ltr' id='par_1_1' title="bbox 301 148 1162 218">
     <span class='ocr_line' id='line_1_1' title="bbox 301 148 1162 218; baseline -0.001 0"><span class='ocrx_word' id='word_1_1' title='bbox 301 148 393 218; x_wconf 83' lang='lat'><strong>300·</strong></span> <span class='ocrx_word' id='word_1_2' title='bbox 548 151 748 216; x_wconf 80' lang='lat' dir='ltr'><strong>BANDURll</strong></span> <span class='ocrx_word' id='word_1_3' title='bbox 778 149 1162 217; x_wconf 75' lang='lat' dir='ltr'><strong>ANlbthVERSIOIi&#39;FS</strong></span> 
     </span>
    </p>
   </div>
   <div class='ocr_carea' id='block_1_2' title="bbox 256 321 1386 491">
    <p class='ocr_par' dir='ltr' id='par_1_2' title="bbox 256 321 1386 491">
     <span class='ocr_line' id='line_1_2' title="bbox 256 321 1386 408; baseline 0.003 -20"><span class='ocrx_word' id='word_1_4' title='bbox 256 361 260 370; x_wconf 87' lang='lat'>.</span> <span class='ocrx_word' id='word_1_5' title='bbox 300 323 440 388; x_wconf 69' lang='lat' dir='ltr'><strong>monis</strong></span> <span class='ocrx_word' id='word_1_6' title='bbox 470 321 541 388; x_wconf 87' lang='lat' dir='ltr'><strong>loco</strong></span> <span class='ocrx_word' id='word_1_7' title='bbox 570 331 701 405; x_wconf 88' lang='lat' dir='ltr'><strong>apparet</strong></span> <span class='ocrx_word' id='word_1_8' title='bbox 728 325 820 390; x_wconf 85' lang='lat' dir='ltr'><strong>etlam</strong></span> <span class='ocrx_word' id='word_1_9' title='bbox 842 323 1065 402; x_wconf 81' lang='lat' dir='ltr'><strong>Dyrrhachium</strong></span> <span class='ocrx_word' id='word_1_10' title='bbox 1084 344 1106 389; x_wconf 84' lang='lat' dir='ltr'><strong>a</strong></span> <span class='ocrx_word' id='word_1_11' title='bbox 1124 322 1187 389; x_wconf 79' lang='lat' dir='ltr'><strong>loct</strong></span> <span class='ocrx_word' id='word_1_12' title='bbox 1205 323 1386 408; x_wconf 68' lang='lat' dir='ltr'><strong>opertae,</strong></span> 
     </span>
     <span class='ocr_line' id='line_1_3' title="bbox 300 401 968 491; baseline 0 -19"><span class='ocrx_word' id='word_1_13' title='bbox 300 401 334 472; x_wconf 83' lang='lat' dir='ltr'><strong>ini</strong></span> <span class='ocrx_word' id='word_1_14' title='bbox 354 406 524 491; x_wconf 84' lang='lat' dir='ltr'><strong>quesitum</strong></span> <span class='ocrx_word' id='word_1_15' title='bbox 543 413 600 487; x_wconf 87' lang='lat' dir='ltr'><strong>est,</strong></span> <span class='ocrx_word' id='word_1_16' title='bbox 619 426 729 471; x_wconf 86' lang='lat' dir='ltr'><strong>nomen</strong></span> <span class='ocrx_word' id='word_1_17' title='bbox 746 409 922 491; x_wconf 85' lang='lat' dir='ltr'><strong>sumpsisse.</strong></span> <span class='ocrx_word' id='word_1_18' title='bbox 965 435 968 440; x_wconf 42' lang='lat'><em>¹</em></span> 
     </span>
    </p>
   </div>
   <div class='ocr_carea' id='block_1_3' title="bbox 300 506 1489 1091">
    <p class='ocr_par' dir='ltr' id='par_1_3' title="bbox 300 506 1489 1091">
     <span class='ocr_line' id='line_1_4' title="bbox 387 506 1392 591; baseline 0.004 -23"><span class='ocrx_word' id='word_1_19' title='bbox 387 509 438 582; x_wconf 76' lang='lat'><strong>56,</strong></span> <span class='ocrx_word' id='word_1_20' title='bbox 459 512 510 569; x_wconf 72' lang='lat' dir='ltr'><strong>Db.</strong></span> <span class='ocrx_word' id='word_1_21' title='bbox 559 506 692 590; x_wconf 79' lang='lat' dir='ltr'><strong>Dexippi</strong></span> <span class='ocrx_word' id='word_1_22' title='bbox 721 508 867 586; x_wconf 82' lang='lat' dir='ltr'><strong>llereunii</strong></span> <span class='ocrx_word' id='word_1_23' title='bbox 892 507 1104 586; x_wconf 78' lang='lat' dir='ltr'><strong>Atheniensis,</strong></span> <span class='ocrx_word' id='word_1_24' title='bbox 1122 507 1192 591; x_wconf 79' lang='lat' dir='ltr'><strong>qui,</strong></span> <span class='ocrx_word' id='word_1_25' title='bbox 1220 515 1255 572; x_wconf 91' lang='lat' dir='ltr'><strong>ut</strong></span> <span class='ocrx_word' id='word_1_26' title='bbox 1285 508 1392 572; x_wconf 76' lang='lat' dir='ltr'><strong>scribit</strong></span> 
     </span>
     <span class='ocr_line' id='line_1_5' title="bbox 302 589 1393 671; baseline 0.001 -18"><span class='ocrx_word' id='word_1_27' title='bbox 302 589 460 671; x_wconf 73' lang='lat' dir='ltr'><strong>Euuapius</strong></span> <span class='ocrx_word' id='word_1_28' title='bbox 492 590 525 653; x_wconf 91' lang='lat' dir='ltr'><strong>in</strong></span> <span class='ocrx_word' id='word_1_29' title='bbox 543 591 735 671; x_wconf 78' lang='lat' dir='ltr'><strong>Porphyrio,</strong></span> <span class='ocrx_word' id='word_1_30' title='bbox 756 591 835 657; x_wconf 83' lang='lat' dir='ltr'><strong>vixit</strong></span> <span class='ocrx_word' id='word_1_31' title='bbox 864 592 947 656; x_wconf 81' lang='lat' dir='ltr'><strong>circa</strong></span> <span class='ocrx_word' id='word_1_32' title='bbox 966 591 1125 656; x_wconf 78' lang='lat' dir='ltr'><strong>Aureliani</strong></span> <span class='ocrx_word' id='word_1_33' title='bbox 1145 609 1183 655; x_wconf 84' lang='lat' dir='ltr'><strong>ac</strong></span> <span class='ocrx_word' id='word_1_34' title='bbox 1202 589 1296 655; x_wconf 79' lang='lat' dir='ltr'><strong>Probi</strong></span> <span class='ocrx_word' id='word_1_35' title='bbox 1316 599 1393 654; x_wconf 86' lang='lat' dir='ltr'><strong>tem-</strong></span> 
     </span>
     <span class='ocr_line' id='line_1_6' title="bbox 300 673 1390 757; baseline 0.003 -21"><span class='ocrx_word' id='word_1_36' title='bbox 300 691 387 754; x_wconf 83' lang='lat' dir='ltr'><strong>pora,</strong></span> <span class='ocrx_word' id='word_1_37' title='bbox 407 673 518 736; x_wconf 80' lang='lat' dir='ltr'><strong>crebra</strong></span> <span class='ocrx_word' id='word_1_38' title='bbox 545 675 659 736; x_wconf 75' lang='lat' dir='ltr'><strong>menno</strong></span> <span class='ocrx_word' id='word_1_39' title='bbox 689 675 825 738; x_wconf 84' lang='lat' dir='ltr'><strong>occmrit</strong></span> <span class='ocrx_word' id='word_1_40' title='bbox 852 676 933 756; x_wconf 89' lang='lat' dir='ltr'><strong>apud</strong></span> <span class='ocrx_word' id='word_1_41' title='bbox 962 677 1129 757; x_wconf 79' lang='lat' dir='ltr'><strong>scriptores</strong></span> <span class='ocrx_word' id='word_1_42' title='bbox 1155 676 1207 757; x_wconf 84' lang='lat' dir='ltr'><strong>qui</strong></span> <span class='ocrx_word' id='word_1_43' title='bbox 1235 683 1307 757; x_wconf 89' lang='lat' dir='ltr'><strong>post</strong></span> <span class='ocrx_word' id='word_1_44' title='bbox 1333 675 1390 740; x_wconf 84' lang='lat' dir='ltr'><strong>illa</strong></span> 
     </span>
     <span class='ocr_line' id='line_1_7' title="bbox 300 754 1391 841; baseline 0.002 -22"><span class='ocrx_word' id='word_1_45' title='bbox 300 763 439 837; x_wconf 85' lang='lat' dir='ltr'><strong>tempora</strong></span> <span class='ocrx_word' id='word_1_46' title='bbox 459 754 636 820; x_wconf 78' lang='lat' dir='ltr'><strong>floruerunt</strong></span> <span class='ocrx_word' id='word_1_47' title='bbox 689 758 761 822; x_wconf 83' lang='lat' dir='ltr'><strong>side</strong></span> <span class='ocrx_word' id='word_1_48' title='bbox 783 774 862 841; x_wconf 76' lang='lat' dir='ltr'><strong>quae</strong></span> <span class='ocrx_word' id='word_1_49' title='bbox 882 759 922 820; x_wconf 85' lang='lat' dir='ltr'><strong>de</strong></span> <span class='ocrx_word' id='word_1_50' title='bbox 943 775 980 821; x_wconf 90' lang='lat' dir='ltr'><strong>eo</strong></span> <span class='ocrx_word' id='word_1_51' title='bbox 1002 778 1039 823; x_wconf 84' lang='lat' dir='ltr'><strong>ac</strong></span> <span class='ocrx_word' id='word_1_52' title='bbox 1057 755 1290 840; x_wconf 80' lang='lat' dir='ltr'><strong>eius&#39;operibns</strong></span> <span class='ocrx_word' id='word_1_53' title='bbox 1311 760 1391 821; x_wconf 86' lang='lat' dir='ltr'><strong>scri-</strong></span> 
     </span>
     <span class='ocr_line' id='line_1_8' title="bbox 300 839 1489 905; baseline 0.002 -2"><span class='ocrx_word' id='word_1_54' title='bbox 300 840 345 903; x_wconf 88' lang='lat' dir='ltr'><strong>bit</strong></span> <span class='ocrx_word' id='word_1_55' title='bbox 363 841 491 904; x_wconf 85' lang='lat' dir='ltr'><strong>Vossius</strong></span> <span class='ocrx_word' id='word_1_56' title='bbox 516 839 556 903; x_wconf 86' lang='lat' dir='ltr'><strong>de</strong></span> <span class='ocrx_word' id='word_1_57' title='bbox 584 840 741 904; x_wconf 71' lang='lat' dir='ltr'><strong>historicis</strong></span> <span class='ocrx_word' id='word_1_58' title='bbox 767 841 896 905; x_wconf 77' lang='lat' dir='ltr'><strong>Graecis</strong></span> <span class='ocrx_word' id='word_1_59' title='bbox 917 842 940 905; x_wconf 92' lang='lat' dir='ltr'><strong>l.</strong></span> <span class='ocrx_word' id='word_1_60' title='bbox 961 847 991 905; x_wconf 74' lang='lat'><em>2</em></span> <span class='ocrx_word' id='word_1_61' title='bbox 1034 848 1168 904; x_wconf 87' lang='lat' dir='ltr'><strong>ceterum</strong></span> <span class='ocrx_word' id='word_1_62' title='bbox 1195 843 1269 905; x_wconf 87' lang='lat' dir='ltr'><strong>licet</strong></span> <span class='ocrx_word' id='word_1_63' title='bbox 1300 843 1392 905; x_wconf 87' lang='lat' dir='ltr'><strong>etiam</strong></span> <span class='ocrx_word' id='word_1_64' title='bbox 1488 893 1489 896; x_wconf 63' lang='lat'><strong>,</strong></span> 
     </span>
     <span class='ocr_line' id='line_1_9' title="bbox 301 917 1393 1009; baseline 0.005 -25"><span class='ocrx_word' id='word_1_65' title='bbox 301 923 333 984; x_wconf 92' lang='lat' dir='ltr'><strong>in</strong></span> <span class='ocrx_word' id='word_1_66' title='bbox 361 942 407 986; x_wconf 90' lang='lat' dir='ltr'><strong>ms</strong></span> <span class='ocrx_word' id='word_1_67' title='bbox 435 923 561 1005; x_wconf 81' lang='lat' dir='ltr'><strong>legatur</strong></span> <span class='ocrx_word' id='word_1_68' title='bbox 586 920 621 983; x_wconf 72' lang='lat' dir='ltr'><strong>tr</strong></span> <span class='ocrx_word' id='word_1_69' title='bbox 654 922 829 1003; x_wconf 74' lang='grc' dir='ltr'><strong>χερρονικῶ</strong></span> <span class='ocrx_word' id='word_1_70' title='bbox 859 917 995 1009; x_wconf 75' lang='grc' dir='ltr'><strong>δεκάτῳ,</strong></span> <span class='ocrx_word' id='word_1_71' title='bbox 1025 925 1191 1007; x_wconf 83' lang='lat' dir='ltr'><strong>legendum</strong></span> <span class='ocrx_word' id='word_1_72' title='bbox 1219 931 1297 1008; x_wconf 88' lang='lat' dir='ltr'><strong>puto</strong></span> <span class='ocrx_word' id='word_1_73' title='bbox 1325 943 1393 990; x_wconf 78' lang='lat' dir='ltr'><strong>cum</strong></span> 
     </span>
     <span class='ocr_line' id='line_1_10' title="bbox 301 983 1394 1091; baseline 0.002 -23"><span class='ocrx_word' id='word_1_74' title='bbox 301 1005 394 1070; x_wconf 80' lang='lat' dir='ltr'><strong>hient.</strong></span> <span class='ocrx_word' id='word_1_75' title='bbox 415 1006 541 1070; x_wconf 76' lang='lat' dir='ltr'><strong>valesio</strong></span> <span class='ocrx_word' id='word_1_76' title='bbox 569 1003 604 1066; x_wconf 72' lang='grc' dir='ltr'><strong>ἓν</strong></span> <span class='ocrx_word' id='word_1_77' title='bbox 622 1006 779 1084; x_wconf 66' lang='grc' dir='ltr'><strong>χρονικῶν</strong></span> <span class='ocrx_word' id='word_1_78' title='bbox 800 983 936 1091; x_wconf 58' lang='grc' dir='ltr'><strong>δεκάτῳ,</strong></span> <span class='ocrx_word' id='word_1_79' title='bbox 967 1027 1034 1071; x_wconf 76' lang='lat' dir='ltr'><strong>clun</strong></span> <span class='ocrx_word' id='word_1_80' title='bbox 1056 1009 1137 1071; x_wconf 85' lang='lat' dir='ltr'><strong>idem</strong></span> <span class='ocrx_word' id='word_1_81' title='bbox 1157 1009 1237 1071; x_wconf 76' lang='lat' dir='ltr'><strong>libel·</strong></span> <span class='ocrx_word' id='word_1_82' title='bbox 1258 1007 1394 1071; x_wconf 80' lang='lat' dir='ltr'><strong>decimus</strong></span> 
     </span>
    </p>
   </div>
   <div class='ocr_carea' id='block_1_4' title="bbox 302 1090 1490 2024">
    <p class='ocr_par' dir='ltr' id='par_1_4' title="bbox 302 1090 1490 1428">
     <span class='ocr_line' id='line_1_11' title="bbox 302 1090 1394 1176; baseline -0.001 -23"><span class='ocrx_word' id='word_1_83' title='bbox 302 1090 512 1153; x_wconf 79' lang='lat' dir='ltr'><strong>chronicorum</strong></span> <span class='ocrx_word' id='word_1_84' title='bbox 600 1090 663 1172; x_wconf 78' lang='lat' dir='ltr'><strong>&#39;pi</strong></span> <span class='ocrx_word' id='word_1_85' title='bbox 693 1091 806 1155; x_wconf 73' lang='lat' dir='ltr'><strong>citentr</strong></span> <span class='ocrx_word' id='word_1_86' title='bbox 829 1092 921 1156; x_wconf 79' lang='lat' dir='ltr'><strong>ctiam</strong></span> <span class='ocrx_word' id='word_1_87' title='bbox 947 1109 968 1156; x_wconf 79' lang='lat' dir='ltr'><strong>a</strong></span> <span class='ocrx_word' id='word_1_88' title='bbox 988 1091 1147 1176; x_wconf 83' lang='lat' dir='ltr'><strong>Stephano</strong></span> <span class='ocrx_word' id='word_1_89' title='bbox 1168 1091 1201 1156; x_wconf 88' lang='lat' dir='ltr'><strong>in</strong></span> <span class='ocrx_word' id='word_1_90' title='bbox 1220 1090 1394 1170; x_wconf 77' lang='grc' dir='ltr'><strong><em>Σουγχατοι</em></strong></span> 
     </span>
     <span class='ocr_line' id='line_1_12' title="bbox 302 1174 1490 1254; baseline -0.003 -16"><span class='ocrx_word' id='word_1_91' title='bbox 302 1179 335 1238; x_wconf 76' lang='lat' dir='ltr'><strong>ti</strong></span> <span class='ocrx_word' id='word_1_92' title='bbox 354 1174 547 1238; x_wconf 76' lang='lat' dir='ltr'><strong>duodecimus</strong></span> <span class='ocrx_word' id='word_1_93' title='bbox 567 1175 600 1238; x_wconf 86' lang='lat' dir='ltr'><strong>in</strong></span> <span class='ocrx_word' id='word_1_94' title='bbox 650 1177 768 1254; x_wconf 81' lang='grc' dir='ltr'><strong><em>λουροι.</em></strong></span> <span class='ocrx_word' id='word_1_95' title='bbox 1489 1249 1490 1254; x_wconf 12' lang='lat'>¹</span> 
     </span>
     <span class='ocr_line' id='line_1_13' title="bbox 302 1271 1394 1421; baseline 0.004 -86"><span class='ocrx_word' id='word_1_96' title='bbox 302 1358 322 1421; x_wconf 55' lang='lat' dir='ltr'>b</span> <span class='ocrx_word' id='word_1_97' title='bbox 383 1275 439 1372; x_wconf 63' lang='lat' dir='ltr'><strong>sc,</strong></span> <span class='ocrx_word' id='word_1_98' title='bbox 449 1277 496 1419; x_wconf 46' lang='lat' dir='ltr'><strong>ct.⁰</strong></span> <span class='ocrx_word' id='word_1_99' title='bbox 523 1271 681 1357; x_wconf 61' lang='lat' dir='ltr'><strong>empne]</strong></span> <span class='ocrx_word' id='word_1_100' title='bbox 701 1275 741 1338; x_wconf 69' lang='lat' dir='ltr'><strong>ue</strong></span> <span class='ocrx_word' id='word_1_101' title='bbox 761 1273 822 1340; x_wconf 71' lang='lat' dir='ltr'><strong>no</strong></span> <span class='ocrx_word' id='word_1_102' title='bbox 838 1273 988 1340; x_wconf 70' lang='lat' dir='ltr'><strong>somnone</strong></span> <span class='ocrx_word' id='word_1_103' title='bbox 1006 1274 1126 1359; x_wconf 76' lang='lat' dir='ltr'><strong>inponi</strong></span> <span class='ocrx_word' id='word_1_104' title='bbox 1145 1273 1277 1341; x_wconf 75' lang='lat' dir='ltr'><strong>nonan</strong></span> <span class='ocrx_word' id='word_1_105' title='bbox 1295 1275 1394 1358; x_wconf 73' lang='lat' dir='ltr'><strong>prns-</strong></span> 
     </span>
     <span class='ocr_line' id='line_1_14' title="bbox 323 1373 1116 1428; baseline -0.001 -7"><span class='ocrx_word' id='word_1_106' title='bbox 323 1373 359 1421; x_wconf 86' lang='lat' dir='ltr'><strong>us</strong></span> <span class='ocrx_word' id='word_1_107' title='bbox 381 1375 441 1418; x_wconf 78' lang='lat' dir='ltr'><strong>scri</strong></span> <span class='ocrx_word' id='word_1_108' title='bbox 496 1373 557 1422; x_wconf 87' lang='lat' dir='ltr'><strong>res.</strong></span> <span class='ocrx_word' id='word_1_109' title='bbox 1112 1419 1116 1428; x_wconf 85' lang='grc'><em>,</em></span> 
     </span>
    </p>

    <p class='ocr_par' dir='ltr' id='par_1_5' title="bbox 302 1437 1400 2024">
     <span class='ocr_line' id='line_1_15' title="bbox 428 1437 1398 1525; baseline 0 -21"><span class='ocrx_word' id='word_1_110' title='bbox 428 1442 436 1458; x_wconf 86' lang='grc'><strong>’</strong></span> <span class='ocrx_word' id='word_1_111' title='bbox 489 1445 544 1504; x_wconf 73' lang='lat'><strong>20.</strong></span> <span class='ocrx_word' id='word_1_112' title='bbox 591 1442 639 1505; x_wconf 87' lang='lat' dir='ltr'><strong>De</strong></span> <span class='ocrx_word' id='word_1_113' title='bbox 660 1437 817 1505; x_wconf 82' lang='lat' dir='ltr'><strong>Dalmatia</strong></span> <span class='ocrx_word' id='word_1_114' title='bbox 846 1457 884 1504; x_wconf 80' lang='lat' dir='ltr'><strong>ac</strong></span> <span class='ocrx_word' id='word_1_115' title='bbox 913 1439 979 1504; x_wconf 81' lang='lat' dir='ltr'><strong>eius</strong></span> <span class='ocrx_word' id='word_1_116' title='bbox 1011 1440 1132 1524; x_wconf 89' lang='lat' dir='ltr'><strong>populis</strong></span> <span class='ocrx_word' id='word_1_117' title='bbox 1160 1439 1303 1524; x_wconf 87' lang='lat' dir='ltr'><strong>pluribus</strong></span> <span class='ocrx_word' id='word_1_118' title='bbox 1329 1441 1398 1525; x_wconf 78' lang='lat' dir='ltr'><strong>agit</strong></span> 
     </span>
     <span class='ocr_line' id='line_1_16' title="bbox 302 1521 1398 1608; baseline 0.001 -22"><span class='ocrx_word' id='word_1_119' title='bbox 302 1522 521 1587; x_wconf 73' lang='lat' dir='ltr'><strong>Constantinus</strong></span> <span class='ocrx_word' id='word_1_120' title='bbox 548 1524 632 1588; x_wconf 82' lang='lat' dir='ltr'><strong>lde</strong></span> <span class='ocrx_word' id='word_1_121' title='bbox 660 1522 749 1587; x_wconf 81' lang='lat' dir='ltr'><strong>Adm.</strong></span> <span class='ocrx_word' id='word_1_122' title='bbox 770 1521 841 1605; x_wconf 90' lang='lat' dir='ltr'><strong>imp.</strong></span> <span class='ocrx_word' id='word_1_123' title='bbox 871 1542 897 1588; x_wconf 87' lang='lat' dir='ltr'><strong>c.</strong></span> <span class='ocrx_word' id='word_1_124' title='bbox 919 1529 961 1588; x_wconf 74' lang='lat'><strong>29</strong></span> <span class='ocrx_word' id='word_1_125' title='bbox 986 1531 1017 1589; x_wconf 87' lang='lat' dir='ltr'><strong>ct</strong></span> <span class='ocrx_word' id='word_1_126' title='bbox 1038 1543 1121 1608; x_wconf 82' lang='lat' dir='ltr'><strong>seqq.</strong></span> <span class='ocrx_word' id='word_1_127' title='bbox 1172 1525 1227 1588; x_wconf 85' lang='lat' dir='ltr'><strong>sed</strong></span> <span class='ocrx_word' id='word_1_128' title='bbox 1267 1525 1330 1587; x_wconf 91' lang='lat' dir='ltr'><strong>uod</strong></span> <span class='ocrx_word' id='word_1_129' title='bbox 1353 1525 1398 1587; x_wconf 81' lang='lat' dir='ltr'><strong>ait</strong></span> 
     </span>
     <span class='ocr_line' id='line_1_17' title="bbox 302 1543 1268 1690; baseline 0.002 -20"><span class='ocrx_word' id='word_1_130' title='bbox 302 1606 353 1670; x_wconf 92' lang='lat' dir='ltr'><strong>hie</strong></span> <span class='ocrx_word' id='word_1_131' title='bbox 372 1607 557 1671; x_wconf 78' lang='lat' dir='ltr'><strong>Dalmatiam</strong></span> <span class='ocrx_word' id='word_1_132' title='bbox 577 1607 688 1671; x_wconf 83' lang='lat' dir='ltr'><strong>ltaliae</strong></span> <span class='ocrx_word' id='word_1_133' title='bbox 707 1607 867 1690; x_wconf 80' lang='lat' dir='ltr'><strong>regionem</strong></span> <span class='ocrx_word' id='word_1_134' title='bbox 890 1625 976 1687; x_wconf 88' lang='lat' dir='ltr'><strong>esse,</strong></span> <span class='ocrx_word' id='word_1_135' title='bbox 998 1609 1030 1673; x_wconf 91' lang='lat' dir='ltr'><strong>id</strong></span> <span class='ocrx_word' id='word_1_136' title='bbox 1053 1609 1156 1672; x_wconf 77' lang='lat' dir='ltr'><strong>namn</strong></span> <span class='ocrx_word' id='word_1_137' title='bbox 1175 1627 1216 1672; x_wconf 86' lang='lat' dir='ltr'><strong>ex</strong></span> <span class='ocrx_word' id='word_1_138' title='bbox 1236 1543 1268 1672; x_wconf 54' lang='grc' dir='ltr'><strong><em>ἒ</em></strong></span> 
     </span>
     <span class='ocr_line' id='line_1_18' title="bbox 302 1690 1398 1774; baseline 0 -19"><span class='ocrx_word' id='word_1_139' title='bbox 302 1690 470 1767; x_wconf 78' lang='lat' dir='ltr'><strong>bysantio,</strong></span> <span class='ocrx_word' id='word_1_140' title='bbox 492 1709 533 1755; x_wconf 84' lang='lat' dir='ltr'><strong>ex</strong></span> <span class='ocrx_word' id='word_1_141' title='bbox 559 1709 618 1774; x_wconf 86' lang='lat' dir='ltr'><strong>quo</strong></span> <span class='ocrx_word' id='word_1_142' title='bbox 637 1698 669 1753; x_wconf 90' lang='lat' dir='ltr'><strong>ct</strong></span> <span class='ocrx_word' id='word_1_143' title='bbox 694 1691 843 1772; x_wconf 82' lang='lat' dir='ltr'><strong>pleraque</strong></span> <span class='ocrx_word' id='word_1_144' title='bbox 864 1691 928 1756; x_wconf 88' lang='lat' dir='ltr'><strong>alia</strong></span> <span class='ocrx_word' id='word_1_145' title='bbox 957 1692 1151 1770; x_wconf 85' lang='lat' dir='ltr'><strong>adverbum,</strong></span> <span class='ocrx_word' id='word_1_146' title='bbox 1171 1693 1321 1768; x_wconf 89' lang='lat' dir='ltr'><strong>utaiuut,</strong></span> <span class='ocrx_word' id='word_1_147' title='bbox 1344 1709 1398 1755; x_wconf 86' lang='lat' dir='ltr'><strong>cx-</strong></span> 
     </span>
     <span class='ocr_line' id='line_1_19' title="bbox 305 1773 1400 1856; baseline 0.001 -20"><span class='ocrx_word' id='word_1_148' title='bbox 305 1775 421 1856; x_wconf 84' lang='lat' dir='ltr'><strong>cripsit,</strong></span> <span class='ocrx_word' id='word_1_149' title='bbox 441 1773 487 1836; x_wconf 90' lang='lat' dir='ltr'><strong>uti</strong></span> <span class='ocrx_word' id='word_1_150' title='bbox 508 1781 540 1837; x_wconf 87' lang='lat' dir='ltr'><strong>et</strong></span> <span class='ocrx_word' id='word_1_151' title='bbox 559 1774 635 1839; x_wconf 88' lang='lat' dir='ltr'><strong>alibi</strong></span> <span class='ocrx_word' id='word_1_152' title='bbox 655 1773 833 1839; x_wconf 79' lang='lat' dir='ltr'><strong>monuimus</strong></span> <span class='ocrx_word' id='word_1_153' title='bbox 883 1774 1067 1840; x_wconf 79' lang='lat' dir='ltr'><strong>Dalmatiam</strong></span> <span class='ocrx_word' id='word_1_154' title='bbox 1088 1781 1189 1838; x_wconf 85' lang='lat' dir='ltr'><strong>autem</strong></span> <span class='ocrx_word' id='word_1_155' title='bbox 1209 1793 1266 1856; x_wconf 88' lang='lat' dir='ltr'><strong>pro</strong></span> <span class='ocrx_word' id='word_1_156' title='bbox 1289 1775 1400 1838; x_wconf 81' lang='lat' dir='ltr'><strong>italica</strong></span> 
     </span>
     <span class='ocr_line' id='line_1_20' title="bbox 305 1856 1400 1941; baseline 0 -21"><span class='ocrx_word' id='word_1_157' title='bbox 305 1859 433 1940; x_wconf 81' lang='lat' dir='ltr'><strong>regione</strong></span> <span class='ocrx_word' id='word_1_158' title='bbox 452 1856 525 1920; x_wconf 93' lang='lat' dir='ltr'><strong>hinc</strong></span> <span class='ocrx_word' id='word_1_159' title='bbox 544 1865 618 1941; x_wconf 89' lang='lat' dir='ltr'><strong>puto</strong></span> <span class='ocrx_word' id='word_1_160' title='bbox 646 1863 796 1940; x_wconf 78' lang='lat' dir='ltr'><strong>sumptam</strong></span> <span class='ocrx_word' id='word_1_161' title='bbox 820 1875 841 1920; x_wconf 90' lang='lat' dir='ltr'><strong>a</strong></span> <span class='ocrx_word' id='word_1_162' title='bbox 869 1858 1073 1940; x_wconf 79' lang='lat' dir='ltr'><strong>scriptoribus</strong></span> <span class='ocrx_word' id='word_1_163' title='bbox 1097 1857 1298 1940; x_wconf 77' lang='lat' dir='ltr'><strong>Byzantinis,</strong></span> <span class='ocrx_word' id='word_1_164' title='bbox 1318 1857 1400 1940; x_wconf 84' lang='lat' dir='ltr'><strong>quod</strong></span> 
     </span>
     <span class='ocr_line' id='line_1_21' title="bbox 303 1939 1399 2024; baseline 0.001 -22"><span class='ocrx_word' id='word_1_165' title='bbox 303 1942 459 2006; x_wconf 85' lang='lat' dir='ltr'><strong>Dalmatia</strong></span> <span class='ocrx_word' id='word_1_166' title='bbox 489 1948 553 2004; x_wconf 88' lang='lat' dir='ltr'><strong>tum</strong></span> <span class='ocrx_word' id='word_1_167' title='bbox 577 1943 670 2004; x_wconf 85' lang='lat' dir='ltr'><strong>fuerit</strong></span> <span class='ocrx_word' id='word_1_168' title='bbox 697 1957 773 2023; x_wconf 87' lang='lat' dir='ltr'><strong>pars</strong></span> <span class='ocrx_word' id='word_1_169' title='bbox 792 1939 919 2004; x_wconf 85' lang='lat' dir='ltr'><strong>Italicae</strong></span> <span class='ocrx_word' id='word_1_170' title='bbox 944 1944 1167 2023; x_wconf 77' lang='lat' dir='ltr'><strong>praefecturae</strong></span> <span class='ocrx_word' id='word_1_171' title='bbox 1219 1941 1292 2004; x_wconf 85' lang='lat' dir='ltr'><strong>vide</strong></span> <span class='ocrx_word' id='word_1_172' title='bbox 1324 1941 1399 2024; x_wconf 75' lang='lat' dir='ltr'><strong>quaid</strong></span> 
     </span>
    </p>
   </div>
   <div class='ocr_carea' id='block_1_5' title="bbox 1260 1609 1491 1690">
    <p class='ocr_par' dir='ltr' id='par_1_6' title="bbox 1260 1609 1491 1690">
     <span class='ocr_line' id='line_1_22' title="bbox 1260 1609 1491 1690; baseline 0.004 -19"><span class='ocrx_word' id='word_1_173' title='bbox 1260 1609 1397 1690; x_wconf 82' lang='lat' dir='ltr'><strong>tephano</strong></span> <span class='ocrx_word' id='word_1_174' title='bbox 1490 1647 1491 1654; x_wconf 24' lang='grc' dir='ltr'><strong>κ</strong></span> 
     </span>
    </p>
   </div>
   <div class='ocr_carea' id='block_1_6' title="bbox 304 2022 1492 2107">
    <p class='ocr_par' dir='ltr' id='par_1_7' title="bbox 304 2022 1492 2107">
     <span class='ocr_line' id='line_1_23' title="bbox 304 2022 1492 2107; baseline -0.001 -20"><span class='ocrx_word' id='word_1_175' title='bbox 304 2025 363 2087; x_wconf 88' lang='lat' dir='ltr'><strong>hac</strong></span> <span class='ocrx_word' id='word_1_176' title='bbox 383 2025 421 2087; x_wconf 89' lang='lat' dir='ltr'><strong>de</strong></span> <span class='ocrx_word' id='word_1_177' title='bbox 442 2042 479 2085; x_wconf 91' lang='lat' dir='ltr'><strong>re</strong></span> <span class='ocrx_word' id='word_1_178' title='bbox 498 2026 641 2103; x_wconf 80' lang='lat' dir='ltr'><strong>ortelius,</strong></span> <span class='ocrx_word' id='word_1_179' title='bbox 661 2023 734 2087; x_wconf 90' lang='lat' dir='ltr'><strong>licet</strong></span> <span class='ocrx_word' id='word_1_180' title='bbox 746 2023 909 2087; x_wconf 79' lang='lat' dir='ltr'><strong>Berlselius</strong></span> <span class='ocrx_word' id='word_1_181' title='bbox 928 2025 960 2088; x_wconf 91' lang='lat' dir='ltr'><strong>iu</strong></span> <span class='ocrx_word' id='word_1_182' title='bbox 982 2027 1064 2090; x_wconf 90' lang='lat' dir='ltr'><strong>notis</strong></span> <span class='ocrx_word' id='word_1_183' title='bbox 1088 2026 1129 2088; x_wconf 86' lang='lat' dir='ltr'><strong>ad</strong></span> <span class='ocrx_word' id='word_1_184' title='bbox 1152 2022 1345 2107; x_wconf 79' lang='lat' dir='ltr'><strong>Stephanum</strong></span> <span class='ocrx_word' id='word_1_185' title='bbox 1366 2023 1396 2086; x_wconf 87' lang='lat' dir='ltr'><strong>id</strong></span> <span class='ocrx_word' id='word_1_186' title='bbox 1491 2029 1492 2034; x_wconf 77' lang='grc'>’</span> 
     </span>
    </p>
   </div>
   <div class='ocr_carea' id='block_1_7' title="bbox 304 2106 1493 4073">
    <p class='ocr_par' dir='ltr' id='par_1_8' title="bbox 304 2106 1399 2360">
     <span class='ocr_line' id='line_1_24' title="bbox 304 2106 1399 2206; baseline 0.001 -38"><span class='ocrx_word' id='word_1_187' title='bbox 304 2126 363 2191; x_wconf 85' lang='lat' dir='ltr'><strong>pro</strong></span> <span class='ocrx_word' id='word_1_188' title='bbox 385 2107 475 2188; x_wconf 81' lang='lat' dir='ltr'><strong>nugis</strong></span> <span class='ocrx_word' id='word_1_189' title='bbox 496 2107 619 2185; x_wconf 87' lang='lat' dir='ltr'><strong>habeat,</strong></span> <span class='ocrx_word' id='word_1_190' title='bbox 643 2106 892 2206; x_wconf 77' lang='lat' dir='ltr'><strong>quemadmodum</strong></span> <span class='ocrx_word' id='word_1_191' title='bbox 919 2114 950 2172; x_wconf 91' lang='lat' dir='ltr'><strong>et</strong></span> <span class='ocrx_word' id='word_1_192' title='bbox 969 2109 1145 2172; x_wconf 74' lang='lat' dir='ltr'><strong>{holstenius</strong></span> <span class='ocrx_word' id='word_1_193' title='bbox 1164 2107 1196 2170; x_wconf 92' lang='lat' dir='ltr'><strong>in</strong></span> <span class='ocrx_word' id='word_1_194' title='bbox 1215 2109 1281 2170; x_wconf 91' lang='lat' dir='ltr'><strong>suis</strong></span> <span class='ocrx_word' id='word_1_195' title='bbox 1302 2127 1399 2172; x_wconf 84' lang='lat' dir='ltr'><strong>anuo-</strong></span> 
     </span>
     <span class='ocr_line' id='line_1_25' title="bbox 307 2190 1398 2276; baseline 0.001 -23"><span class='ocrx_word' id='word_1_196' title='bbox 307 2190 474 2253; x_wconf 81' lang='lat' dir='ltr'><strong>tationihus</strong></span> <span class='ocrx_word' id='word_1_197' title='bbox 504 2190 544 2253; x_wconf 85' lang='lat' dir='ltr'><strong>ad</strong></span> <span class='ocrx_word' id='word_1_198' title='bbox 566 2192 722 2253; x_wconf 71' lang='lat' dir='ltr'><strong>ortelium</strong></span> <span class='ocrx_word' id='word_1_199' title='bbox 779 2209 884 2254; x_wconf 88' lang='lat' dir='ltr'><strong>verum</strong></span> <span class='ocrx_word' id='word_1_200' title='bbox 914 2193 981 2276; x_wconf 87' lang='lat' dir='ltr'><strong>ipse</strong></span> <span class='ocrx_word' id='word_1_201' title='bbox 1007 2199 1081 2276; x_wconf 90' lang='lat' dir='ltr'><strong>puto</strong></span> <span class='ocrx_word' id='word_1_202' title='bbox 1101 2190 1276 2255; x_wconf 84' lang='lat' dir='ltr'><strong>berkelinm</strong></span> <span class='ocrx_word' id='word_1_203' title='bbox 1297 2209 1398 2274; x_wconf 81' lang='lat' dir='ltr'><strong>nugas</strong></span> 
     </span>
     <span class='ocr_line' id='line_1_26' title="bbox 307 2272 1248 2360; baseline 0 -23"><span class='ocrx_word' id='word_1_204' title='bbox 307 2273 431 2356; x_wconf 83' lang='lat' dir='ltr'><strong>nugari,</strong></span> <span class='ocrx_word' id='word_1_205' title='bbox 452 2273 523 2336; x_wconf 89' lang='lat' dir='ltr'><strong>dum</strong></span> <span class='ocrx_word' id='word_1_206' title='bbox 540 2272 621 2336; x_wconf 93' lang='lat' dir='ltr'><strong>hunc</strong></span> <span class='ocrx_word' id='word_1_207' title='bbox 640 2273 792 2356; x_wconf 86' lang='lat' dir='ltr'><strong>Stephani</strong></span> <span class='ocrx_word' id='word_1_208' title='bbox 812 2273 912 2338; x_wconf 92' lang='lat' dir='ltr'><strong>locum</strong></span> <span class='ocrx_word' id='word_1_209' title='bbox 933 2277 1088 2360; x_wconf 86' lang='lat' dir='ltr'><strong>explicare</strong></span> <span class='ocrx_word' id='word_1_210' title='bbox 1109 2281 1248 2338; x_wconf 88' lang='lat' dir='ltr'><strong>conatur.</strong></span> 
     </span>
    </p>

    <p class='ocr_par' dir='ltr' id='par_1_9' title="bbox 308 2360 1493 2606">
     <span class='ocr_line' id='line_1_27' title="bbox 391 2360 1493 2459; baseline -0.001 -21"><span class='ocrx_word' id='word_1_211' title='bbox 391 2371 476 2438; x_wconf 81' lang='lat' dir='ltr'><strong>Ibid.</strong></span> <span class='ocrx_word' id='word_1_212' title='bbox 526 2370 560 2446; x_wconf 79' lang='grc' dir='ltr'><strong>ἐξ</strong></span> <span class='ocrx_word' id='word_1_213' title='bbox 587 2360 686 2452; x_wconf 71' lang='grc' dir='ltr'><em>οὗπερ</em></span> <span class='ocrx_word' id='word_1_214' title='bbox 716 2363 917 2453; x_wconf 73' lang='grc' dir='ltr'><strong><em>ἐβλάστησεν]</em></strong></span> <span class='ocrx_word' id='word_1_215' title='bbox 949 2375 987 2438; x_wconf 86' lang='lat' dir='ltr'><strong>de</strong></span> <span class='ocrx_word' id='word_1_216' title='bbox 1015 2374 1119 2459; x_wconf 86' lang='lat' dir='ltr'><strong>patria</strong></span> <span class='ocrx_word' id='word_1_217' title='bbox 1137 2371 1324 2437; x_wconf 81' lang='lat' dir='ltr'><strong>Diocletiani</strong></span> <span class='ocrx_word' id='word_1_218' title='bbox 1346 2371 1398 2436; x_wconf 87' lang='lat' dir='ltr'><strong>im-</strong></span> <span class='ocrx_word' id='word_1_219' title='bbox 1492 2402 1493 2423; x_wconf 37' lang='grc' dir='ltr'><strong>κ</strong></span> 
     </span>
     <span class='ocr_line' id='line_1_28' title="bbox 308 2455 1396 2606; baseline -0.006 -82"><span class='ocrx_word' id='word_1_220' title='bbox 308 2459 479 2606; x_wconf 57' lang='lat' dir='ltr'><strong>percuisis,</strong></span> <span class='ocrx_word' id='word_1_221' title='bbox 497 2455 536 2520; x_wconf 89' lang='lat' dir='ltr'><strong>de</strong></span> <span class='ocrx_word' id='word_1_222' title='bbox 558 2476 621 2541; x_wconf 87' lang='lat' dir='ltr'><strong>qua</strong></span> <span class='ocrx_word' id='word_1_223' title='bbox 640 2455 853 2522; x_wconf 86' lang='lat' dir='ltr'><strong>controversia</strong></span> <span class='ocrx_word' id='word_1_224' title='bbox 877 2464 924 2522; x_wconf 89' lang='lat' dir='ltr'><strong>est</strong></span> <span class='ocrx_word' id='word_1_225' title='bbox 945 2458 1027 2524; x_wconf 88' lang='lat' dir='ltr'><strong>inter</strong></span> <span class='ocrx_word' id='word_1_226' title='bbox 1050 2457 1234 2540; x_wconf 89' lang='lat' dir='ltr'><strong>scriptores,</strong></span> <span class='ocrx_word' id='word_1_227' title='bbox 1257 2455 1396 2539; x_wconf 89' lang='lat' dir='ltr'><strong>pluribus</strong></span> 
     </span>
    </p>

    <p class='ocr_par' dir='ltr' id='par_1_10' title="bbox 307 2542 1398 3027">
     <span class='ocr_line' id='line_1_29' title="bbox 342 2542 568 2608; baseline -0.022 0"><span class='ocrx_word' id='word_1_228' title='bbox 342 2545 349 2561; x_wconf 89' lang='lat'>&#39;</span> <span class='ocrx_word' id='word_1_229' title='bbox 372 2546 384 2608; x_wconf 91' lang='lat' dir='ltr'><strong>i</strong></span> <span class='ocrx_word' id='word_1_230' title='bbox 458 2542 568 2606; x_wconf 85' lang='lat' dir='ltr'><strong>uimur.</strong></span> 
     </span>
     <span class='ocr_line' id='line_1_30' title="bbox 307 2546 1398 2705; baseline -0.002 -20"><span class='ocrx_word' id='word_1_231' title='bbox 307 2546 372 2611; x_wconf 56' lang='lat' dir='ltr'><strong>dm</strong></span> <span class='ocrx_word' id='word_1_232' title='bbox 389 2561 515 2705; x_wconf 59' lang='lat' dir='ltr'><strong>58⁰,qta</strong></span> <span class='ocrx_word' id='word_1_233' title='bbox 564 2619 671 2696; x_wconf 72' lang='grc' dir='ltr'><strong><em>καθώς</em></strong></span> <span class='ocrx_word' id='word_1_234' title='bbox 701 2617 719 2684; x_wconf 82' lang='lat' dir='ltr'><strong>c‘</strong></span> <span class='ocrx_word' id='word_1_235' title='bbox 747 2618 963 2702; x_wconf 70' lang='grc' dir='ltr'><strong><em>γραμματικός</em></strong></span> <span class='ocrx_word' id='word_1_236' title='bbox 991 2619 1164 2704; x_wconf 78' lang='grc' dir='ltr'><strong>Στέφανος]</strong></span> <span class='ocrx_word' id='word_1_237' title='bbox 1184 2623 1262 2688; x_wconf 80' lang='lat' dir='ltr'><strong>haec</strong></span> <span class='ocrx_word' id='word_1_238' title='bbox 1281 2622 1314 2685; x_wconf 92' lang='lat' dir='ltr'><strong>in</strong></span> <span class='ocrx_word' id='word_1_239' title='bbox 1337 2621 1398 2702; x_wconf 89' lang='lat' dir='ltr'><strong>epi-</strong></span> 
     </span>
     <span class='ocr_line' id='line_1_31' title="bbox 309 2705 1397 2790; baseline -0.01 -12"><span class='ocrx_word' id='word_1_240' title='bbox 309 2717 392 2778; x_wconf 85' lang='lat' dir='ltr'><strong>tome</strong></span> <span class='ocrx_word' id='word_1_241' title='bbox 412 2707 564 2789; x_wconf 80' lang='lat' dir='ltr'><strong>Stephani</strong></span> <span class='ocrx_word' id='word_1_242' title='bbox 581 2727 644 2770; x_wconf 91' lang='lat' dir='ltr'><strong>non</strong></span> <span class='ocrx_word' id='word_1_243' title='bbox 664 2712 788 2786; x_wconf 88' lang='lat' dir='ltr'><strong>extant;</strong></span> <span class='ocrx_word' id='word_1_244' title='bbox 814 2712 846 2769; x_wconf 90' lang='lat' dir='ltr'><strong>et</strong></span> <span class='ocrx_word' id='word_1_245' title='bbox 866 2706 962 2770; x_wconf 89' lang='lat' dir='ltr'><strong>miror</strong></span> <span class='ocrx_word' id='word_1_246' title='bbox 984 2726 1038 2770; x_wconf 90' lang='lat' dir='ltr'><strong>cur</strong></span> <span class='ocrx_word' id='word_1_247' title='bbox 1056 2705 1227 2786; x_wconf 80' lang='lat' dir='ltr'><strong>Berlrelius,</strong></span> <span class='ocrx_word' id='word_1_248' title='bbox 1250 2705 1303 2790; x_wconf 85' lang='lat' dir='ltr'><strong>qui</strong></span> <span class='ocrx_word' id='word_1_249' title='bbox 1326 2705 1397 2781; x_wconf 79' lang='lat' dir='ltr'><strong>alia,</strong></span> 
     </span>
     <span class='ocr_line' id='line_1_32' title="bbox 309 2790 1396 2880; baseline -0.01 -20"><span class='ocrx_word' id='word_1_250' title='bbox 309 2813 390 2880; x_wconf 76' lang='lat' dir='ltr'><strong>puae</strong></span> <span class='ocrx_word' id='word_1_251' title='bbox 411 2813 452 2860; x_wconf 83' lang='lat' dir='ltr'><strong>ex</strong></span> <span class='ocrx_word' id='word_1_252' title='bbox 470 2790 621 2876; x_wconf 88' lang='lat' dir='ltr'><strong>Stephani</strong></span> <span class='ocrx_word' id='word_1_253' title='bbox 649 2792 768 2856; x_wconf 85' lang='lat' dir='ltr'><strong>calamo</strong></span> <span class='ocrx_word' id='word_1_254' title='bbox 794 2791 935 2872; x_wconf 86' lang='lat' dir='ltr'><strong>prolecta</strong></span> <span class='ocrx_word' id='word_1_255' title='bbox 955 2797 1044 2854; x_wconf 90' lang='lat' dir='ltr'><strong>eraut</strong></span> <span class='ocrx_word' id='word_1_256' title='bbox 1073 2797 1104 2854; x_wconf 88' lang='lat' dir='ltr'><strong>et</strong></span> <span class='ocrx_word' id='word_1_257' title='bbox 1123 2795 1310 2853; x_wconf 87' lang='lat' dir='ltr'><strong>conservata</strong></span> <span class='ocrx_word' id='word_1_258' title='bbox 1330 2793 1396 2851; x_wconf 87' lang='lat' dir='ltr'><strong>sunt</strong></span> 
     </span>
     <span class='ocr_line' id='line_1_33' title="bbox 309 2871 1397 3026; baseline -0.007 -84"><span class='ocrx_word' id='word_1_259' title='bbox 309 2878 393 3026; x_wconf 43' lang='lat' dir='ltr'><strong>⁴{pud</strong></span> <span class='ocrx_word' id='word_1_260' title='bbox 414 2877 594 3024; x_wconf 56' lang='lat' dir='ltr'><strong>scriptecffi</strong></span> <span class='ocrx_word' id='word_1_261' title='bbox 617 2881 772 3024; x_wconf 58' lang='grc' dir='ltr'><strong>ῃῖεῑῐιω,</strong></span> <span class='ocrx_word' id='word_1_262' title='bbox 792 2874 932 2958; x_wconf 78' lang='lat' dir='ltr'><strong>legitimo</strong></span> <span class='ocrx_word' id='word_1_263' title='bbox 953 2874 1073 2939; x_wconf 89' lang='lat' dir='ltr'><strong>auctori</strong></span> <span class='ocrx_word' id='word_1_264' title='bbox 1095 2873 1239 2951; x_wconf 82' lang='lat' dir='ltr'><strong>restituit,</strong></span> <span class='ocrx_word' id='word_1_265' title='bbox 1257 2871 1338 2936; x_wconf 86' lang='lat' dir='ltr'><strong>haec</strong></span> <span class='ocrx_word' id='word_1_266' title='bbox 1356 2871 1397 2934; x_wconf 87' lang='lat' dir='ltr'><strong>ci·</strong></span> 
     </span>
     <span class='ocr_line' id='line_1_34' title="bbox 332 2978 637 3027; baseline -0.02 0"><span class='ocrx_word' id='word_1_267' title='bbox 332 2982 379 3027; x_wconf 88' lang='lat' dir='ltr'><strong>em</strong></span> <span class='ocrx_word' id='word_1_268' title='bbox 399 2981 462 3026; x_wconf 88' lang='lat' dir='ltr'><strong>uon</strong></span> <span class='ocrx_word' id='word_1_269' title='bbox 482 2979 500 3025; x_wconf 93' lang='lat' dir='ltr'><strong>r</strong></span> <span class='ocrx_word' id='word_1_270' title='bbox 591 2978 637 3022; x_wconf 81' lang='lat' dir='ltr'><strong>ern</strong></span> 
     </span>
    </p>

    <p class='ocr_par' dir='ltr' id='par_1_11' title="bbox 311 3054 1399 3290">
     <span class='ocr_line' id='line_1_35' title="bbox 393 3054 1398 3140; baseline -0.009 -14"><span class='ocrx_word' id='word_1_271' title='bbox 393 3059 478 3126; x_wconf 81' lang='lat' dir='ltr'><strong>Ibid</strong></span> <span class='ocrx_word' id='word_1_272' title='bbox 499 3061 549 3125; x_wconf 83' lang='lat'><strong>15.</strong></span> <span class='ocrx_word' id='word_1_273' title='bbox 604 3058 688 3123; x_wconf 77' lang='lat' dir='ltr'><strong>citat</strong></span> <span class='ocrx_word' id='word_1_274' title='bbox 708 3058 836 3122; x_wconf 86' lang='lat' dir='ltr'><strong>eundem</strong></span> <span class='ocrx_word' id='word_1_275' title='bbox 858 3055 1047 3122; x_wconf 79' lang='lat' dir='ltr'><strong>llellanimm</strong></span> <span class='ocrx_word' id='word_1_276' title='bbox 1069 3054 1202 3140; x_wconf 87' lang='lat' dir='ltr'><strong>scriptor</strong></span> <span class='ocrx_word' id='word_1_277' title='bbox 1220 3061 1330 3120; x_wconf 81' lang='lat' dir='ltr'><strong>noster</strong></span> <span class='ocrx_word' id='word_1_278' title='bbox 1350 3071 1398 3117; x_wconf 84' lang='lat' dir='ltr'><strong>sn·</strong></span> 
     </span>
     <span class='ocr_line' id='line_1_36' title="bbox 311 3139 1399 3242; baseline -0.006 -36"><span class='ocrx_word' id='word_1_279' title='bbox 311 3163 371 3242; x_wconf 74' lang='lat' dir='ltr'><strong>pra</strong></span> <span class='ocrx_word' id='word_1_280' title='bbox 396 3145 435 3206; x_wconf 90' lang='lat' dir='ltr'><strong>de</strong></span> <span class='ocrx_word' id='word_1_281' title='bbox 459 3143 659 3210; x_wconf 80' lang='lat' dir='ltr'><strong>Macedoniae</strong></span> <span class='ocrx_word' id='word_1_282' title='bbox 685 3141 838 3218; x_wconf 85' lang='lat' dir='ltr'><strong>themate;</strong></span> <span class='ocrx_word' id='word_1_283' title='bbox 866 3141 918 3205; x_wconf 93' lang='lat' dir='ltr'><strong>ubi</strong></span> <span class='ocrx_word' id='word_1_284' title='bbox 937 3140 1007 3206; x_wconf 86' lang='lat' dir='ltr'><strong>vide</strong></span> <span class='ocrx_word' id='word_1_285' title='bbox 1035 3158 1115 3224; x_wconf 80' lang='lat' dir='ltr'><strong>quae</strong></span> <span class='ocrx_word' id='word_1_286' title='bbox 1146 3139 1185 3204; x_wconf 80' lang='lat' dir='ltr'><strong>le</strong></span> <span class='ocrx_word' id='word_1_287' title='bbox 1205 3157 1242 3202; x_wconf 87' lang='lat' dir='ltr'><strong>eo</strong></span> <span class='ocrx_word' id='word_1_288' title='bbox 1271 3139 1399 3204; x_wconf 82' lang='lat' dir='ltr'><strong>adnota-</strong></span> 
     </span>
     <span class='ocr_line' id='line_1_37' title="bbox 313 3245 420 3290; baseline -0.009 0"><span class='ocrx_word' id='word_1_289' title='bbox 313 3245 420 3290; x_wconf 77' lang='lat' dir='ltr'><strong>vinus.</strong></span> 
     </span>
    </p>

    <p class='ocr_par' dir='ltr' id='par_1_12' title="bbox 311 3311 1399 3490">
     <span class='ocr_line' id='line_1_38' title="bbox 393 3311 1399 3406; baseline -0.005 -17"><span class='ocrx_word' id='word_1_290' title='bbox 393 3329 447 3402; x_wconf 76' lang='lat'><strong>50,</strong></span> <span class='ocrx_word' id='word_1_291' title='bbox 464 3330 496 3389; x_wconf 86' lang='lat' dir='ltr'><strong>s.</strong></span> <span class='ocrx_word' id='word_1_292' title='bbox 532 3311 686 3400; x_wconf 66' lang='grc' dir='ltr'><strong>Ἀλέξιος]</strong></span> <span class='ocrx_word' id='word_1_293' title='bbox 706 3324 757 3388; x_wconf 93' lang='lat' dir='ltr'><strong>hic</strong></span> <span class='ocrx_word' id='word_1_294' title='bbox 776 3328 871 3406; x_wconf 73' lang='lat' dir='ltr'><strong>poeta</strong></span> <span class='ocrx_word' id='word_1_295' title='bbox 886 3323 958 3387; x_wconf 87' lang='lat' dir='ltr'><strong>aliis</strong></span> <span class='ocrx_word' id='word_1_296' title='bbox 979 3322 1179 3406; x_wconf 82' lang='lat' dir='ltr'><strong>scriptoribus</strong></span> <span class='ocrx_word' id='word_1_297' title='bbox 1199 3319 1310 3386; x_wconf 80' lang='lat' dir='ltr'><strong>Alexis</strong></span> <span class='ocrx_word' id='word_1_298' title='bbox 1328 3319 1399 3383; x_wconf 83' lang='lat' dir='ltr'><strong>diri-</strong></span> 
     </span>
     <span class='ocr_line' id='line_1_39' title="bbox 311 3407 982 3490; baseline -0.006 -16"><span class='ocrx_word' id='word_1_299' title='bbox 311 3417 372 3474; x_wconf 87' lang='lat' dir='ltr'><strong>tur.</strong></span> <span class='ocrx_word' id='word_1_300' title='bbox 414 3409 486 3472; x_wconf 76' lang='lat' dir='ltr'><strong>ride</strong></span> <span class='ocrx_word' id='word_1_301' title='bbox 505 3408 645 3473; x_wconf 82' lang='lat' dir='ltr'><strong>Vossium</strong></span> <span class='ocrx_word' id='word_1_302' title='bbox 665 3409 705 3470; x_wconf 91' lang='lat' dir='ltr'><strong>de</strong></span> <span class='ocrx_word' id='word_1_303' title='bbox 722 3408 823 3490; x_wconf 74' lang='lat' dir='ltr'><strong>potitis</strong></span> <span class='ocrx_word' id='word_1_304' title='bbox 844 3407 982 3470; x_wconf 79' lang='lat' dir='ltr'><strong>Graccis.</strong></span> 
     </span>
    </p>

    <p class='ocr_par' dir='ltr' id='par_1_13' title="bbox 312 3486 1400 4073">
     <span class='ocr_line' id='line_1_40' title="bbox 394 3486 1400 3572; baseline -0.01 -15"><span class='ocrx_word' id='word_1_305' title='bbox 394 3499 446 3572; x_wconf 84' lang='lat' dir='ltr'><strong>eo,</strong></span> <span class='ocrx_word' id='word_1_306' title='bbox 471 3494 521 3556; x_wconf 78' lang='lat'><strong>15.</strong></span> <span class='ocrx_word' id='word_1_307' title='bbox 563 3491 729 3555; x_wconf 82' lang='lat' dir='ltr'><strong>Postrcsnis</strong></span> <span class='ocrx_word' id='word_1_308' title='bbox 756 3491 943 3572; x_wconf 82' lang='lat' dir='ltr'><strong>temporibus</strong></span> <span class='ocrx_word' id='word_1_309' title='bbox 963 3489 1200 3572; x_wconf 76' lang='lat' dir='ltr'><strong>longobardiae</strong></span> <span class='ocrx_word' id='word_1_310' title='bbox 1218 3486 1343 3550; x_wconf 86' lang='lat' dir='ltr'><strong>nomine</strong></span> <span class='ocrx_word' id='word_1_311' title='bbox 1365 3503 1400 3548; x_wconf 83' lang='lat' dir='ltr'><strong>ea</strong></span> 
     </span>
     <span class='ocr_line' id='line_1_41' title="bbox 313 3571 1400 3657; baseline -0.005 -21"><span class='ocrx_word' id='word_1_312' title='bbox 313 3575 500 3657; x_wconf 80' lang='lat' dir='ltr'><strong>potissimum</strong></span> <span class='ocrx_word' id='word_1_313' title='bbox 517 3575 629 3641; x_wconf 85' lang='lat' dir='ltr'><strong>ltaliae</strong></span> <span class='ocrx_word' id='word_1_314' title='bbox 647 3593 723 3657; x_wconf 88' lang='lat' dir='ltr'><strong>pars</strong></span> <span class='ocrx_word' id='word_1_315' title='bbox 743 3575 906 3638; x_wconf 80' lang='lat' dir='ltr'><strong>aGraecis</strong></span> <span class='ocrx_word' id='word_1_316' title='bbox 926 3575 1042 3638; x_wconf 86' lang='lat' dir='ltr'><strong>donata</strong></span> <span class='ocrx_word' id='word_1_317' title='bbox 1064 3575 1123 3637; x_wconf 83' lang='lat' dir='ltr'><strong>fult</strong></span> <span class='ocrx_word' id='word_1_318' title='bbox 1144 3590 1222 3654; x_wconf 82' lang='lat' dir='ltr'><strong>quac</strong></span> <span class='ocrx_word' id='word_1_319' title='bbox 1241 3571 1274 3634; x_wconf 91' lang='lat' dir='ltr'><strong>in</strong></span> <span class='ocrx_word' id='word_1_320' title='bbox 1300 3585 1400 3632; x_wconf 88' lang='lat' dir='ltr'><strong>eorum</strong></span> 
     </span>
     <span class='ocr_line' id='line_1_42' title="bbox 313 3653 1400 3741; baseline -0.007 -19"><span class='ocrx_word' id='word_1_321' title='bbox 313 3659 441 3741; x_wconf 85' lang='lat' dir='ltr'><strong>imperio</strong></span> <span class='ocrx_word' id='word_1_322' title='bbox 462 3660 618 3736; x_wconf 82' lang='lat' dir='ltr'><strong>remansit,</strong></span> <span class='ocrx_word' id='word_1_323' title='bbox 641 3659 780 3722; x_wconf 70' lang='lat' dir='ltr'><strong>nimirum</strong></span> <span class='ocrx_word' id='word_1_324' title='bbox 795 3657 943 3722; x_wconf 79' lang='lat' dir='ltr'><strong>Calabria</strong></span> <span class='ocrx_word' id='word_1_325' title='bbox 963 3663 1054 3739; x_wconf 72' lang='lat' dir='ltr'><strong>atque</strong></span> <span class='ocrx_word' id='word_1_326' title='bbox 1074 3672 1150 3738; x_wconf 82' lang='lat' dir='ltr'><strong>pars</strong></span> <span class='ocrx_word' id='word_1_327' title='bbox 1169 3653 1261 3736; x_wconf 81' lang='lat' dir='ltr'><strong>regni</strong></span> <span class='ocrx_word' id='word_1_328' title='bbox 1281 3655 1400 3732; x_wconf 82' lang='lat' dir='ltr'><strong>Neapo·</strong></span> 
     </span>
     <span class='ocr_line' id='line_1_43' title="bbox 312 3735 1400 3824; baseline -0.009 -17"><span class='ocrx_word' id='word_1_329' title='bbox 312 3743 413 3820; x_wconf 77' lang='lat' dir='ltr'><strong>nuni,</strong></span> <span class='ocrx_word' id='word_1_330' title='bbox 431 3749 466 3805; x_wconf 86' lang='lat' dir='ltr'><strong>at</strong></span> <span class='ocrx_word' id='word_1_331' title='bbox 484 3743 645 3808; x_wconf 69' lang='lat' dir='ltr'><strong>maiiesto</strong></span> <span class='ocrx_word' id='word_1_332' title='bbox 667 3745 799 3824; x_wconf 87' lang='lat' dir='ltr'><strong>apparet</strong></span> <span class='ocrx_word' id='word_1_333' title='bbox 816 3759 856 3805; x_wconf 81' lang='lat' dir='ltr'><strong>ex</strong></span> <span class='ocrx_word' id='word_1_334' title='bbox 875 3741 914 3804; x_wconf 87' lang='lat' dir='ltr'><strong>iis</strong></span> <span class='ocrx_word' id='word_1_335' title='bbox 932 3758 1010 3823; x_wconf 81' lang='lat' dir='ltr'><strong>quae</strong></span> <span class='ocrx_word' id='word_1_336' title='bbox 1032 3739 1082 3802; x_wconf 91' lang='lat' dir='ltr'><strong>bic</strong></span> <span class='ocrx_word' id='word_1_337' title='bbox 1101 3738 1209 3802; x_wconf 79' lang='lat' dir='ltr'><strong>scribit</strong></span> <span class='ocrx_word' id='word_1_338' title='bbox 1227 3735 1400 3818; x_wconf 73' lang='lat' dir='ltr'><strong>Porphyrc</strong></span> 
     </span>
     <span class='ocr_line' id='line_1_44' title="bbox 314 3819 1400 3908; baseline -0.008 -21"><span class='ocrx_word' id='word_1_339' title='bbox 314 3825 447 3908; x_wconf 73' lang='lat' dir='ltr'><strong>genitus</strong></span> <span class='ocrx_word' id='word_1_340' title='bbox 490 3827 561 3888; x_wconf 88' lang='lat' dir='ltr'><strong>olim</strong></span> <span class='ocrx_word' id='word_1_341' title='bbox 581 3833 682 3888; x_wconf 79' lang='lat' dir='ltr'><strong>autem</strong></span> <span class='ocrx_word' id='word_1_342' title='bbox 704 3825 760 3887; x_wconf 91' lang='lat' dir='ltr'><strong>sub</strong></span> <span class='ocrx_word' id='word_1_343' title='bbox 776 3822 891 3887; x_wconf 83' lang='lat' dir='ltr'><strong>Carolo</strong></span> <span class='ocrx_word' id='word_1_344' title='bbox 912 3819 1274 3906; x_wconf 78' lang='lat' dir='ltr'><strong>magnohougobardiac</strong></span> <span class='ocrx_word' id='word_1_345' title='bbox 1293 3835 1400 3881; x_wconf 88' lang='lat' dir='ltr'><strong>nomen</strong></span> 
     </span>
     <span class='ocr_line' id='line_1_45' title="bbox 314 3903 1400 3988; baseline -0.011 -15"><span class='ocrx_word' id='word_1_346' title='bbox 314 3917 378 3974; x_wconf 80' lang='lat' dir='ltr'><strong>tam</strong></span> <span class='ocrx_word' id='word_1_347' title='bbox 399 3910 465 3973; x_wconf 86' lang='lat' dir='ltr'><strong>late</strong></span> <span class='ocrx_word' id='word_1_348' title='bbox 484 3909 583 3988; x_wconf 84' lang='lat' dir='ltr'><strong>patuit</strong></span> <span class='ocrx_word' id='word_1_349' title='bbox 609 3916 644 3971; x_wconf 89' lang='lat' dir='ltr'><strong>nt</strong></span> <span class='ocrx_word' id='word_1_350' title='bbox 672 3910 819 3971; x_wconf 84' lang='lat' dir='ltr'><strong>universa</strong></span> <span class='ocrx_word' id='word_1_351' title='bbox 842 3907 933 3969; x_wconf 88' lang='lat' dir='ltr'><strong>ltalia</strong></span> <span class='ocrx_word' id='word_1_352' title='bbox 961 3907 1019 3969; x_wconf 90' lang='lat' dir='ltr'><strong>hoc</strong></span> <span class='ocrx_word' id='word_1_353' title='bbox 1044 3905 1195 3969; x_wconf 86' lang='lat' dir='ltr'><strong>vocabulo</strong></span> <span class='ocrx_word' id='word_1_354' title='bbox 1214 3903 1400 3984; x_wconf 76' lang='lat' dir='ltr'><strong>intelligere-</strong></span> 
     </span>
     <span class='ocr_line' id='line_1_46' title="bbox 314 3985 1399 4073; baseline -0.011 -17"><span class='ocrx_word' id='word_1_355' title='bbox 314 3998 377 4073; x_wconf 85' lang='lat' dir='ltr'><strong>tur,</strong></span> <span class='ocrx_word' id='word_1_356' title='bbox 396 3999 433 4058; x_wconf 87' lang='lat' dir='ltr'><strong>nt</strong></span> <span class='ocrx_word' id='word_1_357' title='bbox 450 3996 573 4056; x_wconf 55' lang='lat' dir='ltr'><strong>conon</strong></span> <span class='ocrx_word' id='word_1_358' title='bbox 592 4009 633 4057; x_wconf 85' lang='lat' dir='ltr'><strong>ex</strong></span> <span class='ocrx_word' id='word_1_359' title='bbox 651 3991 761 4056; x_wconf 76' lang='lat' dir='ltr'><strong>muta</strong></span> <span class='ocrx_word' id='word_1_360' title='bbox 785 3989 919 4056; x_wconf 86' lang='lat' dir='ltr'><strong>eiusdem</strong></span> <span class='ocrx_word' id='word_1_361' title='bbox 926 3989 1033 4054; x_wconf 78' lang='lat' dir='ltr'><strong>Caroli</strong></span> <span class='ocrx_word' id='word_1_362' title='bbox 1047 3989 1153 4072; x_wconf 74' lang='lat' dir='ltr'><strong>magni</strong></span> <span class='ocrx_word' id='word_1_363' title='bbox 1173 4005 1231 4071; x_wconf 87' lang='lat' dir='ltr'><strong>pro</strong></span> <span class='ocrx_word' id='word_1_364' title='bbox 1252 3985 1399 4051; x_wconf 81' lang='lat' dir='ltr'><strong>divisione</strong></span> 
     </span>
    </p>
   </div>
   <div class='ocr_carea' id='block_1_8' title="bbox 0 0 1548 4867">
    <p class='ocr_par' dir='ltr' id='par_1_14' title="bbox 0 0 1548 4867">
     <span class='ocr_line' id='line_1_47' title="bbox 0 0 1548 4867; baseline 0 0"><span class='ocrx_word' id='word_1_365' title='bbox 0 0 1548 4867; x_wconf 95' lang='lat' dir='ltr'><strong> </strong></span> 
     </span>
    </p>
   </div>
  </div>
 </body>
</html>
