<?xml version="1.0" encoding="UTF-8"?>
<!DOCTYPE html PUBLIC "-//W3C//DTD XHTML 1.0 Transitional//EN"
    "http://www.w3.org/TR/xhtml1/DTD/xhtml1-transitional.dtd">
<html xmlns="http://www.w3.org/1999/xhtml" xml:lang="en" lang="en">
 <head>
  <title>
</title>
<meta http-equiv="Content-Type" content="text/html;charset=utf-8" />
  <meta name='ocr-system' content='tesseract 3.04.00' />
  <meta name='ocr-capabilities' content='ocr_page ocr_carea ocr_par ocr_line ocrx_word'/>
</head>
<body>
  <div class='ocr_page' id='page_1' title='image "./corpusscriptoru00unkngoog/corpusscriptoru00unkngoog_0434.png"; bbox 0 0 3067 4867; ppageno 0'>
   <div class='ocr_carea' id='block_1_1' title="bbox 306 301 1202 382">
    <p class='ocr_par' dir='ltr' id='par_1_1' title="bbox 306 301 1202 382">
     <span class='ocr_line' id='line_1_1' title="bbox 306 301 1202 382; baseline 0 -1"><span class='ocrx_word' id='word_1_1' title='bbox 306 317 348 381; x_wconf 84' lang='lat' dir='ltr'>ru</span> <span class='ocrx_word' id='word_1_2' title='bbox 378 315 652 382; x_wconf 79' lang='lat' dir='ltr'>srusoomomn</span> <span class='ocrx_word' id='word_1_3' title='bbox 678 313 1011 381; x_wconf 76' lang='lat' dir='ltr'>mensuramus.</span> <span class='ocrx_word' id='word_1_4' title='bbox 1128 301 1202 382; x_wconf 74' lang='lat' dir='ltr'>ist</span> 
     </span>
    </p>
   </div>
   <div class='ocr_carea' id='block_1_2' title="bbox 120 485 1240 1944">
    <p class='ocr_par' dir='ltr' id='par_1_2' title="bbox 120 485 1205 818">
     <span class='ocr_line' id='line_1_2' title="bbox 121 485 1205 572; baseline 0 -20"><span class='ocrx_word' id='word_1_5' title='bbox 121 493 219 552; x_wconf 65' lang='lat' dir='ltr'>muna</span> <span class='ocrx_word' id='word_1_6' title='bbox 240 486 466 570; x_wconf 74' lang='lat' dir='ltr'>puleiiitutine</span> <span class='ocrx_word' id='word_1_7' title='bbox 484 487 770 566; x_wconf 76' lang='lat' dir='ltr'>commendabilem,</span> <span class='ocrx_word' id='word_1_8' title='bbox 790 506 851 572; x_wconf 84' lang='lat' dir='ltr'>quo</span> <span class='ocrx_word' id='word_1_9' title='bbox 873 501 939 550; x_wconf 77' lang='lat' dir='ltr'>earm</span> <span class='ocrx_word' id='word_1_10' title='bbox 959 485 1062 568; x_wconf 73' lang='lat' dir='ltr'>elogio</span> <span class='ocrx_word' id='word_1_11' title='bbox 1081 487 1205 552; x_wconf 84' lang='lat' dir='ltr'>ornavit</span> 
     </span>
     <span class='ocr_line' id='line_1_3' title="bbox 121 571 1205 654; baseline -0.001 -19"><span class='ocrx_word' id='word_1_12' title='bbox 121 573 299 635; x_wconf 76' lang='lat' dir='ltr'>Amissus</span> <span class='ocrx_word' id='word_1_13' title='bbox 320 579 362 636; x_wconf 76' lang='lat'>29</span> <span class='ocrx_word' id='word_1_14' title='bbox 379 579 411 634; x_wconf 73' lang='lat'><em>2</em></span> <span class='ocrx_word' id='word_1_15' title='bbox 462 573 522 634; x_wconf 81' lang='lat' dir='ltr'>ian</span> <span class='ocrx_word' id='word_1_16' title='bbox 549 591 617 634; x_wconf 87' lang='lat' dir='ltr'>eum</span> <span class='ocrx_word' id='word_1_17' title='bbox 637 571 727 634; x_wconf 82' lang='lat' dir='ltr'>iuius</span> <span class='ocrx_word' id='word_1_18' title='bbox 755 571 985 654; x_wconf 70' lang='lat' dir='ltr'>epigrammatis</span> <span class='ocrx_word' id='word_1_19' title='bbox 1007 571 1205 652; x_wconf 78' lang='lat' dir='ltr'>Asclepiodo-</span> 
     </span>
     <span class='ocr_line' id='line_1_4' title="bbox 121 650 1204 736; baseline -0.005 -23"><span class='ocrx_word' id='word_1_20' title='bbox 121 662 173 718; x_wconf 84' lang='lat' dir='ltr'>tus</span> <span class='ocrx_word' id='word_1_21' title='bbox 192 650 356 734; x_wconf 72' lang='grc' dir='ltr'>ὕπαθηκός</span> <span class='ocrx_word' id='word_1_22' title='bbox 373 655 429 733; x_wconf 67' lang='grc' dir='ltr'>τῆς</span> <span class='ocrx_word' id='word_1_23' title='bbox 443 653 577 732; x_wconf 72' lang='grc' dir='ltr'><em>Κρητῶν</em></span> <span class='ocrx_word' id='word_1_24' title='bbox 598 655 755 732; x_wconf 75' lang='grc' dir='ltr'>ἑπαρχάις</span> <span class='ocrx_word' id='word_1_25' title='bbox 767 655 918 718; x_wconf 75' lang='lat' dir='ltr'>Thesauri</span> <span class='ocrx_word' id='word_1_26' title='bbox 935 675 965 736; x_wconf 85' lang='lat' dir='ltr'>p.</span> <span class='ocrx_word' id='word_1_27' title='bbox 987 653 1076 718; x_wconf 82' lang='lat' dir='ltr'>llxc</span> <span class='ocrx_word' id='word_1_28' title='bbox 1094 659 1137 718; x_wconf 71' lang='lat'>20</span> <span class='ocrx_word' id='word_1_29' title='bbox 1158 656 1204 718; x_wconf 76' lang='lat' dir='ltr'>di.</span> 
     </span>
     <span class='ocr_line' id='line_1_5' title="bbox 120 737 977 818; baseline 0.001 -18"><span class='ocrx_word' id='word_1_30' title='bbox 120 742 216 818; x_wconf 85' lang='lat' dir='ltr'>eitur,</span> <span class='ocrx_word' id='word_1_31' title='bbox 231 757 272 800; x_wconf 88' lang='lat' dir='ltr'>eo</span> <span class='ocrx_word' id='word_1_32' title='bbox 292 739 325 801; x_wconf 89' lang='lat' dir='ltr'>in</span> <span class='ocrx_word' id='word_1_33' title='bbox 344 739 434 802; x_wconf 87' lang='lat' dir='ltr'>titulo</span> <span class='ocrx_word' id='word_1_34' title='bbox 454 739 561 800; x_wconf 79' lang='lat' dir='ltr'>vitium</span> <span class='ocrx_word' id='word_1_35' title='bbox 581 757 649 800; x_wconf 89' lang='lat' dir='ltr'>esse</span> <span class='ocrx_word' id='word_1_36' title='bbox 670 756 758 800; x_wconf 86' lang='lat' dir='ltr'>nemo</span> <span class='ocrx_word' id='word_1_37' title='bbox 778 737 977 802; x_wconf 68' lang='lat' dir='ltr'>addubitatu-</span> 
     </span>
    </p>

    <p class='ocr_par' dir='ltr' id='par_1_3' title="bbox 121 835 1240 1762">
     <span class='ocr_line' id='line_1_6' title="bbox 206 835 1205 926; baseline -0.002 -16"><span class='ocrx_word' id='word_1_38' title='bbox 206 851 280 926; x_wconf 75' lang='lat'>392,</span> <span class='ocrx_word' id='word_1_39' title='bbox 291 851 343 908; x_wconf 82' lang='lat'>21.</span> <span class='ocrx_word' id='word_1_40' title='bbox 386 841 493 918; x_wconf 76' lang='grc' dir='ltr'><strong><em>πόλεις</em></strong></span> <span class='ocrx_word' id='word_1_41' title='bbox 515 835 575 922; x_wconf 68' lang='grc' dir='ltr'>κβ]</span> <span class='ocrx_word' id='word_1_42' title='bbox 596 845 668 908; x_wconf 89' lang='lat' dir='ltr'>olim</span> <span class='ocrx_word' id='word_1_43' title='bbox 687 852 803 908; x_wconf 88' lang='lat' dir='ltr'>centum</span> <span class='ocrx_word' id='word_1_44' title='bbox 817 845 941 908; x_wconf 78' lang='lat' dir='ltr'>urbibus</span> <span class='ocrx_word' id='word_1_45' title='bbox 960 844 1089 908; x_wconf 87' lang='lat' dir='ltr'>insulam</span> <span class='ocrx_word' id='word_1_46' title='bbox 1112 845 1205 908; x_wconf 85' lang='lat' dir='ltr'>luisse</span> 
     </span>
     <span class='ocr_line' id='line_1_7' title="bbox 122 927 1207 995; baseline 0 -3"><span class='ocrx_word' id='word_1_47' title='bbox 122 930 276 993; x_wconf 76' lang='lat' dir='ltr'>celebrem</span> <span class='ocrx_word' id='word_1_48' title='bbox 304 949 357 992; x_wconf 89' lang='lat' dir='ltr'>res</span> <span class='ocrx_word' id='word_1_49' title='bbox 389 935 437 991; x_wconf 88' lang='lat' dir='ltr'>est</span> <span class='ocrx_word' id='word_1_50' title='bbox 457 929 634 995; x_wconf 87' lang='lat' dir='ltr'>tritissima:</span> <span class='ocrx_word' id='word_1_51' title='bbox 667 927 749 993; x_wconf 83' lang='lat' dir='ltr'>tello</span> <span class='ocrx_word' id='word_1_52' title='bbox 773 935 923 992; x_wconf 84' lang='lat' dir='ltr'>atrorum</span> <span class='ocrx_word' id='word_1_53' title='bbox 942 929 1140 993; x_wconf 86' lang='lat' dir='ltr'>humanarum</span> <span class='ocrx_word' id='word_1_54' title='bbox 1160 929 1207 992; x_wconf 81' lang='lat' dir='ltr'>vi·</span> 
     </span>
     <span class='ocr_line' id='line_1_8' title="bbox 125 1011 1207 1095; baseline 0.001 -21"><span class='ocrx_word' id='word_1_55' title='bbox 125 1013 318 1076; x_wconf 78' lang='lat' dir='ltr'>eissituolines</span> <span class='ocrx_word' id='word_1_56' title='bbox 332 1014 437 1094; x_wconf 92' lang='lat' dir='ltr'>plures</span> <span class='ocrx_word' id='word_1_57' title='bbox 458 1011 528 1074; x_wconf 82' lang='lat' dir='ltr'>lein</span> <span class='ocrx_word' id='word_1_58' title='bbox 539 1013 742 1086; x_wconf 66' lang='lat' dir='ltr'>munemne</span> <span class='ocrx_word' id='word_1_59' title='bbox 763 1031 888 1095; x_wconf 81' lang='lat' dir='ltr'>quarum</span> <span class='ocrx_word' id='word_1_60' title='bbox 904 1019 1004 1076; x_wconf 73' lang='lat' dir='ltr'>minen</span> <span class='ocrx_word' id='word_1_61' title='bbox 1025 1031 1092 1076; x_wconf 88' lang='lat' dir='ltr'>eum</span> <span class='ocrx_word' id='word_1_62' title='bbox 1111 1013 1207 1075; x_wconf 85' lang='lat' dir='ltr'>inisse</span> 
     </span>
     <span class='ocr_line' id='line_1_9' title="bbox 122 1093 1208 1178; baseline -0.001 -19"><span class='ocrx_word' id='word_1_63' title='bbox 122 1115 294 1176; x_wconf 81' lang='lat' dir='ltr'>numerum,</span> <span class='ocrx_word' id='word_1_64' title='bbox 323 1103 358 1158; x_wconf 90' lang='lat' dir='ltr'>ut</span> <span class='ocrx_word' id='word_1_65' title='bbox 378 1095 577 1178; x_wconf 74' lang='lat' dir='ltr'>paucissimae</span> <span class='ocrx_word' id='word_1_66' title='bbox 606 1095 786 1176; x_wconf 81' lang='lat' dir='ltr'>superstites</span> <span class='ocrx_word' id='word_1_67' title='bbox 814 1097 990 1170; x_wconf 81' lang='lat' dir='ltr'>manserint,</span> <span class='ocrx_word' id='word_1_68' title='bbox 1009 1094 1082 1160; x_wconf 92' lang='lat' dir='ltr'>lieet</span> <span class='ocrx_word' id='word_1_69' title='bbox 1104 1093 1208 1158; x_wconf 85' lang='lat' dir='ltr'>Servii</span> 
     </span>
     <span class='ocr_line' id='line_1_10' title="bbox 123 1177 1205 1263; baseline 0.002 -23"><span class='ocrx_word' id='word_1_70' title='bbox 123 1188 226 1242; x_wconf 87' lang='lat' dir='ltr'>aetate</span> <span class='ocrx_word' id='word_1_71' title='bbox 245 1179 292 1242; x_wconf 91' lang='lat' dir='ltr'>ita</span> <span class='ocrx_word' id='word_1_72' title='bbox 311 1181 436 1257; x_wconf 85' lang='lat' dir='ltr'>terrent,</span> <span class='ocrx_word' id='word_1_73' title='bbox 457 1197 608 1262; x_wconf 82' lang='lat' dir='ltr'>nunquam</span> <span class='ocrx_word' id='word_1_74' title='bbox 627 1197 785 1241; x_wconf 84' lang='lat' dir='ltr'>eensnero·</span> <span class='ocrx_word' id='word_1_75' title='bbox 809 1177 1057 1263; x_wconf 78' lang='lat' dir='ltr'>primoquidem</span> <span class='ocrx_word' id='word_1_76' title='bbox 1077 1183 1205 1242; x_wconf 80' lang='lat' dir='ltr'>eentum</span> 
     </span>
     <span class='ocr_line' id='line_1_11' title="bbox 121 1259 1206 1344; baseline -0.004 -18"><span class='ocrx_word' id='word_1_77' title='bbox 121 1261 234 1328; x_wconf 82' lang='lat' dir='ltr'>tatuit</span> <span class='ocrx_word' id='word_1_78' title='bbox 256 1259 359 1328; x_wconf 82' lang='lat' dir='ltr'>Creta</span> <span class='ocrx_word' id='word_1_79' title='bbox 380 1265 548 1341; x_wconf 78' lang='lat' dir='ltr'>civitates,</span> <span class='ocrx_word' id='word_1_80' title='bbox 576 1263 791 1344; x_wconf 77' lang='lat' dir='ltr'>grammaticus</span> <span class='ocrx_word' id='word_1_81' title='bbox 821 1261 854 1324; x_wconf 91' lang='lat' dir='ltr'>in</span> <span class='ocrx_word' id='word_1_82' title='bbox 875 1263 1000 1326; x_wconf 71' lang='lat' dir='ltr'>senaa</span> <span class='ocrx_word' id='word_1_83' title='bbox 1027 1268 1131 1326; x_wconf 78' lang='lat'>3106</span> <span class='ocrx_word' id='word_1_84' title='bbox 1152 1263 1206 1343; x_wconf 81' lang='lat' dir='ltr'>ait,</span> 
     </span>
     <span class='ocr_line' id='line_1_12' title="bbox 122 1341 1206 1431; baseline 0 -21"><span class='ocrx_word' id='word_1_85' title='bbox 122 1346 206 1410; x_wconf 81' lang='lat' dir='ltr'>amde</span> <span class='ocrx_word' id='word_1_86' title='bbox 227 1341 473 1426; x_wconf 76' lang='lat' dir='ltr'>Hecatompolip</span> <span class='ocrx_word' id='word_1_87' title='bbox 492 1345 584 1409; x_wconf 79' lang='lat' dir='ltr'>dieto</span> <span class='ocrx_word' id='word_1_88' title='bbox 607 1349 682 1408; x_wconf 81' lang='lat' dir='ltr'>eat.-</span> <span class='ocrx_word' id='word_1_89' title='bbox 712 1349 790 1429; x_wconf 82' lang='lat' dir='ltr'>post</span> <span class='ocrx_word' id='word_1_90' title='bbox 810 1347 922 1428; x_wconf 77' lang='lat' dir='ltr'>etpiutt</span> <span class='ocrx_word' id='word_1_91' title='bbox 945 1349 1094 1431; x_wconf 73' lang='lat' dir='ltr'>potemur,</span> <span class='ocrx_word' id='word_1_92' title='bbox 1113 1343 1206 1426; x_wconf 79' lang='lat' dir='ltr'>tude,</span> 
     </span>
     <span class='ocr_line' id='line_1_13' title="bbox 122 1424 1208 1514; baseline -0.001 -20"><span class='ocrx_word' id='word_1_93' title='bbox 122 1435 160 1494; x_wconf 80' lang='lat' dir='ltr'>et</span> <span class='ocrx_word' id='word_1_94' title='bbox 179 1429 310 1510; x_wconf 77' lang='lat' dir='ltr'>dieitur,</span> <span class='ocrx_word' id='word_1_95' title='bbox 332 1428 426 1510; x_wconf 80' lang='lat' dir='ltr'>duos,</span> <span class='ocrx_word' id='word_1_96' title='bbox 447 1425 579 1493; x_wconf 82' lang='lat' dir='ltr'>Gnoson</span> <span class='ocrx_word' id='word_1_97' title='bbox 599 1424 900 1510; x_wconf 65' lang='lat' dir='ltr'>consummem,</span> <span class='ocrx_word' id='word_1_98' title='bbox 922 1431 1067 1514; x_wconf 84' lang='lat' dir='ltr'>poumoto</span> <span class='ocrx_word' id='word_1_99' title='bbox 1088 1425 1208 1494; x_wconf 72' lang='lat' dir='ltr'>meaos</span> 
     </span>
     <span class='ocr_line' id='line_1_14' title="bbox 122 1505 1208 1596; baseline -0.001 -20"><span class='ocrx_word' id='word_1_100' title='bbox 122 1512 281 1596; x_wconf 78' lang='lat' dir='ltr'>pluresu</span> <span class='ocrx_word' id='word_1_101' title='bbox 304 1505 444 1577; x_wconf 75' lang='lat' dir='ltr'>Metelis</span> <span class='ocrx_word' id='word_1_102' title='bbox 464 1517 674 1595; x_wconf 78' lang='lat' dir='ltr'>eaepupmotoa</span> <span class='ocrx_word' id='word_1_103' title='bbox 694 1511 795 1575; x_wconf 61' lang='lat' dir='ltr'>meet.</span> <span class='ocrx_word' id='word_1_104' title='bbox 837 1521 920 1575; x_wconf 85' lang='lat' dir='ltr'>reete</span> <span class='ocrx_word' id='word_1_105' title='bbox 940 1513 1068 1577; x_wconf 83' lang='lat' dir='ltr'>Servius</span> <span class='ocrx_word' id='word_1_106' title='bbox 1088 1512 1208 1576; x_wconf 79' lang='lat' dir='ltr'>livium</span> 
     </span>
     <span class='ocr_line' id='line_1_15' title="bbox 122 1595 1240 1680; baseline -0.001 -21"><span class='ocrx_word' id='word_1_107' title='bbox 122 1597 171 1659; x_wconf 93' lang='lat' dir='ltr'>illi</span> <span class='ocrx_word' id='word_1_108' title='bbox 191 1597 305 1659; x_wconf 78' lang='lat' dir='ltr'>minori</span> <span class='ocrx_word' id='word_1_109' title='bbox 325 1596 468 1678; x_wconf 89' lang='lat' dir='ltr'>opponit:</span> <span class='ocrx_word' id='word_1_110' title='bbox 495 1597 550 1658; x_wconf 82' lang='lat' dir='ltr'>sel</span> <span class='ocrx_word' id='word_1_111' title='bbox 571 1595 708 1658; x_wconf 78' lang='lat' dir='ltr'>severius</span> <span class='ocrx_word' id='word_1_112' title='bbox 737 1613 805 1659; x_wconf 89' lang='lat' dir='ltr'>euru</span> <span class='ocrx_word' id='word_1_113' title='bbox 826 1614 865 1660; x_wconf 86' lang='lat' dir='ltr'>ex</span> <span class='ocrx_word' id='word_1_114' title='bbox 886 1596 934 1659; x_wconf 90' lang='lat' dir='ltr'>sui</span> <span class='ocrx_word' id='word_1_115' title='bbox 952 1595 1097 1680; x_wconf 87' lang='lat' dir='ltr'>temporis</span> <span class='ocrx_word' id='word_1_116' title='bbox 1117 1597 1208 1661; x_wconf 88' lang='lat' dir='ltr'>laetis</span> <span class='ocrx_word' id='word_1_117' title='bbox 1229 1652 1240 1669; x_wconf 89' lang='grc'><strong>,</strong></span> 
     </span>
     <span class='ocr_line' id='line_1_16' title="bbox 121 1680 874 1762; baseline 0.001 -21"><span class='ocrx_word' id='word_1_118' title='bbox 121 1680 304 1762; x_wconf 78' lang='lat' dir='ltr'>eastigatnm</span> <span class='ocrx_word' id='word_1_119' title='bbox 324 1681 445 1742; x_wconf 73' lang='lat' dir='ltr'>eonon.</span> <span class='ocrx_word' id='word_1_120' title='bbox 870 1723 874 1729; x_wconf 81' lang='lat'>.</span> 
     </span>
    </p>

    <p class='ocr_par' dir='ltr' id='par_1_4' title="bbox 122 1773 1208 1944">
     <span class='ocr_line' id='line_1_17' title="bbox 206 1773 1208 1862; baseline 0.003 -23"><span class='ocrx_word' id='word_1_121' title='bbox 206 1775 289 1842; x_wconf 70' lang='lat' dir='ltr'>itta</span> <span class='ocrx_word' id='word_1_122' title='bbox 308 1783 359 1842; x_wconf 73' lang='lat'>22.</span> <span class='ocrx_word' id='word_1_123' title='bbox 402 1773 557 1856; x_wconf 70' lang='grc' dir='ltr'>Γορτύνη]</span> <span class='ocrx_word' id='word_1_124' title='bbox 581 1777 751 1855; x_wconf 76' lang='lat' dir='ltr'>Gortynam</span> <span class='ocrx_word' id='word_1_125' title='bbox 773 1775 884 1841; x_wconf 86' lang='lat' dir='ltr'>Cretae</span> <span class='ocrx_word' id='word_1_126' title='bbox 903 1778 1095 1862; x_wconf 89' lang='lat' dir='ltr'>metropolim</span> <span class='ocrx_word' id='word_1_127' title='bbox 1114 1779 1208 1842; x_wconf 86' lang='lat' dir='ltr'>luisse</span> 
     </span>
     <span class='ocr_line' id='line_1_18' title="bbox 122 1859 1020 1944; baseline -0.001 -18"><span class='ocrx_word' id='word_1_128' title='bbox 122 1860 265 1926; x_wconf 70' lang='lat' dir='ltr'>exactis</span> <span class='ocrx_word' id='word_1_129' title='bbox 288 1861 412 1926; x_wconf 84' lang='lat' dir='ltr'>eoncilii</span> <span class='ocrx_word' id='word_1_130' title='bbox 421 1861 567 1943; x_wconf 82' lang='lat' dir='ltr'>Epinesini</span> <span class='ocrx_word' id='word_1_131' title='bbox 587 1882 619 1944; x_wconf 89' lang='lat' dir='ltr'>p.</span> <span class='ocrx_word' id='word_1_132' title='bbox 641 1863 704 1924; x_wconf 78' lang='grc'>453</span> <span class='ocrx_word' id='word_1_133' title='bbox 723 1859 803 1924; x_wconf 87' lang='lat' dir='ltr'>eitra</span> <span class='ocrx_word' id='word_1_134' title='bbox 824 1861 945 1924; x_wconf 85' lang='lat' dir='ltr'>dubium</span> <span class='ocrx_word' id='word_1_135' title='bbox 965 1869 1020 1925; x_wconf 89' lang='lat' dir='ltr'>est.</span> 
     </span>
    </p>
   </div>
   <div class='ocr_carea' id='block_1_3' title="bbox 121 1952 1209 2210">
    <p class='ocr_par' dir='ltr' id='par_1_5' title="bbox 121 1952 1209 2210">
     <span class='ocr_line' id='line_1_19' title="bbox 207 1952 1208 2042; baseline 0 -16"><span class='ocrx_word' id='word_1_136' title='bbox 207 1959 289 2026; x_wconf 71' lang='lat' dir='ltr'>lota</span> <span class='ocrx_word' id='word_1_137' title='bbox 324 1952 460 2040; x_wconf 75' lang='grc' dir='ltr'><strong><em>Ἴνατος]</em></strong></span> <span class='ocrx_word' id='word_1_138' title='bbox 482 1955 969 2042; x_wconf 72' lang='lat' dir='ltr'>Eivoroellesychiolltymologo</span> <span class='ocrx_word' id='word_1_139' title='bbox 992 1965 1022 2022; x_wconf 90' lang='lat' dir='ltr'>et</span> <span class='ocrx_word' id='word_1_140' title='bbox 1040 1960 1208 2042; x_wconf 85' lang='lat' dir='ltr'>Stephano.</span> 
     </span>
     <span class='ocr_line' id='line_1_20' title="bbox 121 2043 1209 2110; baseline 0.001 -2"><span class='ocrx_word' id='word_1_141' title='bbox 121 2046 313 2109; x_wconf 80' lang='lat' dir='ltr'>Ptolemaeus</span> <span class='ocrx_word' id='word_1_142' title='bbox 346 2052 453 2110; x_wconf 86' lang='lat' dir='ltr'>nostro</span> <span class='ocrx_word' id='word_1_143' title='bbox 485 2045 645 2107; x_wconf 85' lang='lat' dir='ltr'>consentit</span> <span class='ocrx_word' id='word_1_144' title='bbox 688 2044 827 2108; x_wconf 83' lang='lat' dir='ltr'>Tabulae</span> <span class='ocrx_word' id='word_1_145' title='bbox 860 2046 949 2108; x_wconf 89' lang='lat' dir='ltr'>lnata</span> <span class='ocrx_word' id='word_1_146' title='bbox 980 2043 1021 2108; x_wconf 78' lang='lat' dir='ltr'>ll</span> <span class='ocrx_word' id='word_1_147' title='bbox 1052 2045 1086 2109; x_wconf 84' lang='lat' dir='ltr'>P.</span> <span class='ocrx_word' id='word_1_148' title='bbox 1105 2050 1148 2110; x_wconf 58' lang='grc' dir='ltr'>δῦ</span> <span class='ocrx_word' id='word_1_149' title='bbox 1168 2044 1209 2110; x_wconf 78' lang='lat' dir='ltr'>ab</span> 
     </span>
     <span class='ocr_line' id='line_1_21' title="bbox 121 2127 785 2210; baseline -0.009 -18"><span class='ocrx_word' id='word_1_150' title='bbox 121 2130 317 2210; x_wconf 81' lang='lat' dir='ltr'>llierapydua</span> <span class='ocrx_word' id='word_1_151' title='bbox 337 2129 368 2191; x_wconf 93' lang='lat' dir='ltr'>in</span> <span class='ocrx_word' id='word_1_152' title='bbox 390 2135 479 2210; x_wconf 87' lang='lat' dir='ltr'>parte</span> <span class='ocrx_word' id='word_1_153' title='bbox 503 2127 621 2190; x_wconf 86' lang='lat' dir='ltr'>insulae</span> <span class='ocrx_word' id='word_1_154' title='bbox 644 2128 785 2190; x_wconf 84' lang='lat' dir='ltr'>australi.</span> 
     </span>
    </p>
   </div>
   <div class='ocr_carea' id='block_1_4' title="bbox 115 2225 1208 3325">
    <p class='ocr_par' dir='ltr' id='par_1_6' title="bbox 119 2225 1207 2556">
     <span class='ocr_line' id='line_1_22' title="bbox 202 2225 1207 2308; baseline -0.003 -16"><span class='ocrx_word' id='word_1_155' title='bbox 202 2226 285 2292; x_wconf 63' lang='lat' dir='ltr'>rota</span> <span class='ocrx_word' id='word_1_156' title='bbox 325 2225 456 2306; x_wconf 73' lang='lat' dir='ltr'>Bima]</span> <span class='ocrx_word' id='word_1_157' title='bbox 478 2227 554 2290; x_wconf 83' lang='lat' dir='ltr'>vitio</span> <span class='ocrx_word' id='word_1_158' title='bbox 575 2226 796 2308; x_wconf 73' lang='lat' dir='ltr'>exscriptorum</span> <span class='ocrx_word' id='word_1_159' title='bbox 815 2226 955 2291; x_wconf 80' lang='lat' dir='ltr'>Tabulae</span> <span class='ocrx_word' id='word_1_160' title='bbox 976 2225 1103 2304; x_wconf 83' lang='lat' dir='ltr'>Blenna,</span> <span class='ocrx_word' id='word_1_161' title='bbox 1126 2225 1207 2289; x_wconf 77' lang='lat' dir='ltr'>unte</span> 
     </span>
     <span class='ocr_line' id='line_1_23' title="bbox 120 2309 1207 2393; baseline -0.006 -19"><span class='ocrx_word' id='word_1_162' title='bbox 120 2311 286 2375; x_wconf 62' lang='lat' dir='ltr'>&amp;vennas</span> <span class='ocrx_word' id='word_1_163' title='bbox 307 2309 457 2374; x_wconf 82' lang='lat' dir='ltr'>Blentiam</span> <span class='ocrx_word' id='word_1_164' title='bbox 485 2312 545 2375; x_wconf 81' lang='lat' dir='ltr'>la</span> <span class='ocrx_word' id='word_1_165' title='bbox 566 2329 592 2372; x_wconf 88' lang='lat' dir='ltr'>e.</span> <span class='ocrx_word' id='word_1_166' title='bbox 613 2317 653 2373; x_wconf 79' lang='lat'>21</span> <span class='ocrx_word' id='word_1_167' title='bbox 669 2309 760 2382; x_wconf 82' lang='lat' dir='ltr'>iecit,</span> <span class='ocrx_word' id='word_1_168' title='bbox 786 2311 913 2388; x_wconf 86' lang='lat' dir='ltr'>dieitur;</span> <span class='ocrx_word' id='word_1_169' title='bbox 934 2310 1092 2393; x_wconf 84' lang='lat' dir='ltr'>Stephano</span> <span class='ocrx_word' id='word_1_170' title='bbox 1114 2309 1207 2370; x_wconf 75' lang='grc' dir='ltr'><strong><em>Βίεν-</em></strong></span> 
     </span>
     <span class='ocr_line' id='line_1_24' title="bbox 121 2393 1206 2476; baseline 0.001 -19"><span class='ocrx_word' id='word_1_171' title='bbox 121 2413 184 2467; x_wconf 76' lang='grc' dir='ltr'>νος.</span> <span class='ocrx_word' id='word_1_172' title='bbox 204 2398 337 2458; x_wconf 84' lang='lat' dir='ltr'>tortasse</span> <span class='ocrx_word' id='word_1_173' title='bbox 357 2395 470 2459; x_wconf 81' lang='lat' dir='ltr'>insito:</span> <span class='ocrx_word' id='word_1_174' title='bbox 491 2414 563 2458; x_wconf 85' lang='lat' dir='ltr'>narn</span> <span class='ocrx_word' id='word_1_175' title='bbox 583 2413 605 2456; x_wconf 87' lang='lat' dir='ltr'>a</span> <span class='ocrx_word' id='word_1_176' title='bbox 621 2393 742 2458; x_wconf 86' lang='lat' dir='ltr'>Vienna</span> <span class='ocrx_word' id='word_1_177' title='bbox 761 2393 884 2458; x_wconf 86' lang='lat' dir='ltr'>Gallica</span> <span class='ocrx_word' id='word_1_178' title='bbox 902 2395 1018 2475; x_wconf 82' lang='lat' dir='ltr'>gentile</span> <span class='ocrx_word' id='word_1_179' title='bbox 1037 2413 1206 2476; x_wconf 80' lang='lat' dir='ltr'>cognomen</span> 
     </span>
     <span class='ocr_line' id='line_1_25' title="bbox 119 2474 1207 2556; baseline -0.006 -18"><span class='ocrx_word' id='word_1_180' title='bbox 119 2475 260 2548; x_wconf 73' lang='grc' dir='ltr'>Βιέννιος</span> <span class='ocrx_word' id='word_1_181' title='bbox 280 2485 312 2540; x_wconf 85' lang='lat' dir='ltr'>et</span> <span class='ocrx_word' id='word_1_182' title='bbox 331 2475 512 2553; x_wconf 73' lang='grc' dir='ltr'>Βιεννὴσιος</span> <span class='ocrx_word' id='word_1_183' title='bbox 534 2477 662 2540; x_wconf 73' lang='lat' dir='ltr'>formari</span> <span class='ocrx_word' id='word_1_184' title='bbox 684 2477 739 2555; x_wconf 87' lang='lat' dir='ltr'>ait,</span> <span class='ocrx_word' id='word_1_185' title='bbox 760 2475 814 2553; x_wconf 76' lang='grc' dir='ltr'>τῆς</span> <span class='ocrx_word' id='word_1_186' title='bbox 832 2475 867 2538; x_wconf 77' lang='grc' dir='ltr'>δὲ</span> <span class='ocrx_word' id='word_1_187' title='bbox 882 2474 1015 2555; x_wconf 76' lang='grc' dir='ltr'>Βιέννης</span> <span class='ocrx_word' id='word_1_188' title='bbox 1035 2475 1207 2556; x_wconf 61' lang='lat' dir='ltr'>Romulae,</span> 
     </span>
    </p>

    <p class='ocr_par' dir='ltr' id='par_1_7' title="bbox 117 2558 1207 2725">
     <span class='ocr_line' id='line_1_26' title="bbox 141 2558 1207 2644; baseline 0.002 -22"><span class='ocrx_word' id='word_1_189' title='bbox 141 2561 201 2623; x_wconf 81' lang='lat' dir='ltr'>uod</span> <span class='ocrx_word' id='word_1_190' title='bbox 221 2561 325 2644; x_wconf 81' lang='lat' dir='ltr'>utique</span> <span class='ocrx_word' id='word_1_191' title='bbox 353 2567 386 2622; x_wconf 92' lang='lat' dir='ltr'>et</span> <span class='ocrx_word' id='word_1_192' title='bbox 405 2561 505 2622; x_wconf 86' lang='lat' dir='ltr'>lorma</span> <span class='ocrx_word' id='word_1_193' title='bbox 525 2564 557 2620; x_wconf 88' lang='lat' dir='ltr'>et</span> <span class='ocrx_word' id='word_1_194' title='bbox 584 2558 733 2621; x_wconf 83' lang='lat' dir='ltr'>orationis</span> <span class='ocrx_word' id='word_1_195' title='bbox 753 2559 834 2622; x_wconf 89' lang='lat' dir='ltr'>serie</span> <span class='ocrx_word' id='word_1_196' title='bbox 854 2559 894 2622; x_wconf 81' lang='lat' dir='ltr'>ad</span> <span class='ocrx_word' id='word_1_197' title='bbox 912 2559 992 2622; x_wconf 85' lang='lat' dir='ltr'>lrane</span> <span class='ocrx_word' id='word_1_198' title='bbox 1016 2559 1207 2624; x_wconf 81' lang='lat' dir='ltr'>Cretensium</span> 
     </span>
     <span class='ocr_line' id='line_1_27' title="bbox 117 2579 595 2725; baseline -0.019 -17"><span class='ocrx_word' id='word_1_199' title='bbox 117 2579 265 2708; x_wconf 66' lang='lat' dir='ltr'>ironeam</span> <span class='ocrx_word' id='word_1_200' title='bbox 290 2643 444 2725; x_wconf 90' lang='lat' dir='ltr'>pertinere</span> <span class='ocrx_word' id='word_1_201' title='bbox 465 2641 595 2704; x_wconf 77' lang='lat' dir='ltr'>violetur.</span> 
     </span>
    </p>

    <p class='ocr_par' dir='ltr' id='par_1_8' title="bbox 115 2732 1208 3325">
     <span class='ocr_line' id='line_1_28' title="bbox 201 2732 1208 2823; baseline 0.001 -19"><span class='ocrx_word' id='word_1_202' title='bbox 201 2741 285 2808; x_wconf 73' lang='lat' dir='ltr'>llil.</span> <span class='ocrx_word' id='word_1_203' title='bbox 323 2735 525 2821; x_wconf 75' lang='grc' dir='ltr'><strong><em>Ἱερᾰπυδνα]</em></strong></span> <span class='ocrx_word' id='word_1_204' title='bbox 546 2740 624 2804; x_wconf 83' lang='lat' dir='ltr'>Dion</span> <span class='ocrx_word' id='word_1_205' title='bbox 650 2740 748 2823; x_wconf 77' lang='lat' dir='ltr'>princ·</span> <span class='ocrx_word' id='word_1_206' title='bbox 774 2741 797 2805; x_wconf 94' lang='lat' dir='ltr'>l.</span> <span class='ocrx_word' id='word_1_207' title='bbox 817 2747 860 2806; x_wconf 78' lang='grc'>36</span> <span class='ocrx_word' id='word_1_208' title='bbox 882 2733 921 2801; x_wconf 79' lang='lat' dir='ltr'>ui</span> <span class='ocrx_word' id='word_1_209' title='bbox 941 2732 1128 2820; x_wconf 68' lang='lat' dir='ltr'>‘repansum</span> <span class='ocrx_word' id='word_1_210' title='bbox 1152 2759 1208 2805; x_wconf 83' lang='lat' dir='ltr'>vo·</span> 
     </span>
     <span class='ocr_line' id='line_1_29' title="bbox 116 2825 1204 2907; baseline -0.001 -17"><span class='ocrx_word' id='word_1_211' title='bbox 116 2830 180 2890; x_wconf 84' lang='lat' dir='ltr'>eut</span> <span class='ocrx_word' id='word_1_212' title='bbox 221 2827 361 2890; x_wconf 81' lang='lat' dir='ltr'>Tabulae</span> <span class='ocrx_word' id='word_1_213' title='bbox 381 2826 474 2888; x_wconf 87' lang='lat' dir='ltr'>lliera</span> <span class='ocrx_word' id='word_1_214' title='bbox 488 2831 530 2887; x_wconf 79' lang='lat'>20</span> <span class='ocrx_word' id='word_1_215' title='bbox 549 2825 591 2887; x_wconf 86' lang='lat' dir='ltr'>ltl.</span> <span class='ocrx_word' id='word_1_216' title='bbox 603 2825 636 2888; x_wconf 81' lang='grc' dir='ltr'>Ρ.</span> <span class='ocrx_word' id='word_1_217' title='bbox 659 2843 679 2888; x_wconf 88' lang='lat' dir='ltr'>a</span> <span class='ocrx_word' id='word_1_218' title='bbox 700 2825 826 2903; x_wconf 80' lang='lat' dir='ltr'>liienm,</span> <span class='ocrx_word' id='word_1_219' title='bbox 848 2825 1022 2889; x_wconf 71' lang='lat' dir='ltr'>moeonas</span> <span class='ocrx_word' id='word_1_220' title='bbox 1043 2827 1204 2907; x_wconf 87' lang='lat' dir='ltr'>leropina;</span> 
     </span>
     <span class='ocr_line' id='line_1_30' title="bbox 115 2907 1207 2993; baseline -0.002 -21"><span class='ocrx_word' id='word_1_221' title='bbox 115 2909 161 2972; x_wconf 80' lang='lat' dir='ltr'>ad</span> <span class='ocrx_word' id='word_1_222' title='bbox 182 2929 272 2993; x_wconf 81' lang='lat' dir='ltr'>qaam</span> <span class='ocrx_word' id='word_1_223' title='bbox 305 2913 437 2973; x_wconf 81' lang='lat' dir='ltr'>formam</span> <span class='ocrx_word' id='word_1_224' title='bbox 456 2909 490 2974; x_wconf 91' lang='lat' dir='ltr'>iu</span> <span class='ocrx_word' id='word_1_225' title='bbox 509 2908 655 2985; x_wconf 84' lang='lat' dir='ltr'>synoliea</span> <span class='ocrx_word' id='word_1_226' title='bbox 676 2907 865 2971; x_wconf 78' lang='lat' dir='ltr'>Cretensium</span> <span class='ocrx_word' id='word_1_227' title='bbox 897 2910 1088 2974; x_wconf 72' lang='lat' dir='ltr'>albenneio</span> <span class='ocrx_word' id='word_1_228' title='bbox 1112 2911 1207 2990; x_wconf 90' lang='lat' dir='ltr'>impe-</span> 
     </span>
     <span class='ocr_line' id='line_1_31' title="bbox 118 2989 1208 3076; baseline 0.002 -22"><span class='ocrx_word' id='word_1_229' title='bbox 118 2997 255 3057; x_wconf 89' lang='lat' dir='ltr'>ratorem</span> <span class='ocrx_word' id='word_1_230' title='bbox 283 2994 415 3076; x_wconf 87' lang='lat' dir='ltr'>epistola</span> <span class='ocrx_word' id='word_1_231' title='bbox 443 2991 638 3072; x_wconf 78' lang='lat' dir='ltr'>Euphronius</span> <span class='ocrx_word' id='word_1_232' title='bbox 667 2991 828 3073; x_wconf 84' lang='lat' dir='ltr'>episeopus</span> <span class='ocrx_word' id='word_1_233' title='bbox 860 2989 1052 3074; x_wconf 87' lang='lat' dir='ltr'>llierapinae.</span> <span class='ocrx_word' id='word_1_234' title='bbox 1103 2993 1208 3056; x_wconf 80' lang='lat' dir='ltr'>verius</span> 
     </span>
     <span class='ocr_line' id='line_1_32' title="bbox 116 3067 1207 3158; baseline -0.001 -20"><span class='ocrx_word' id='word_1_235' title='bbox 116 3083 169 3138; x_wconf 92' lang='lat' dir='ltr'>est</span> <span class='ocrx_word' id='word_1_236' title='bbox 184 3067 388 3154; x_wconf 52' lang='lat' dir='ltr'>‘tepuerimus</span> <span class='ocrx_word' id='word_1_237' title='bbox 399 3083 433 3140; x_wconf 92' lang='lat' dir='ltr'>ut</span> <span class='ocrx_word' id='word_1_238' title='bbox 446 3075 566 3158; x_wconf 79' lang='lat' dir='ltr'>lapides</span> <span class='ocrx_word' id='word_1_239' title='bbox 585 3075 725 3156; x_wconf 88' lang='lat' dir='ltr'>inseripti</span> <span class='ocrx_word' id='word_1_240' title='bbox 741 3074 914 3138; x_wconf 75' lang='lat' dir='ltr'>ostendunt.</span> <span class='ocrx_word' id='word_1_241' title='bbox 958 3075 1029 3140; x_wconf 82' lang='lat' dir='ltr'>vile</span> <span class='ocrx_word' id='word_1_242' title='bbox 1049 3075 1084 3137; x_wconf 82' lang='lat' dir='ltr'>li.</span> <span class='ocrx_word' id='word_1_243' title='bbox 1105 3077 1207 3138; x_wconf 83' lang='lat' dir='ltr'>Mont-</span> 
     </span>
     <span class='ocr_line' id='line_1_33' title="bbox 116 3155 1206 3241; baseline -0.001 -20"><span class='ocrx_word' id='word_1_244' title='bbox 116 3161 251 3223; x_wconf 87' lang='lat' dir='ltr'>iauconii</span> <span class='ocrx_word' id='word_1_245' title='bbox 258 3161 345 3221; x_wconf 82' lang='lat' dir='ltr'>Dior.</span> <span class='ocrx_word' id='word_1_246' title='bbox 356 3159 425 3222; x_wconf 84' lang='lat' dir='ltr'>ital.</span> <span class='ocrx_word' id='word_1_247' title='bbox 448 3164 530 3240; x_wconf 68' lang='lat' dir='ltr'>pti</span> <span class='ocrx_word' id='word_1_248' title='bbox 542 3158 577 3221; x_wconf 86' lang='lat' dir='ltr'>C.</span> <span class='ocrx_word' id='word_1_249' title='bbox 588 3159 637 3236; x_wconf 66' lang='lat' dir='ltr'>V„</span> <span class='ocrx_word' id='word_1_250' title='bbox 658 3158 711 3221; x_wconf 85' lang='lat' dir='ltr'>ubi</span> <span class='ocrx_word' id='word_1_251' title='bbox 724 3175 885 3241; x_wconf 82' lang='lat' dir='ltr'>perperam</span> <span class='ocrx_word' id='word_1_252' title='bbox 902 3157 1012 3220; x_wconf 82' lang='lat' dir='ltr'><em>IEPA</em></span> <span class='ocrx_word' id='word_1_253' title='bbox 1035 3155 1206 3240; x_wconf 78' lang='grc' dir='ltr'><em>ΠΤΓΝΗ,</em></span> 
     </span>
     <span class='ocr_line' id='line_1_34' title="bbox 115 3241 818 3325; baseline 0.001 -22"><span class='ocrx_word' id='word_1_254' title='bbox 115 3250 151 3303; x_wconf 90' lang='lat' dir='ltr'>et</span> <span class='ocrx_word' id='word_1_255' title='bbox 171 3241 257 3307; x_wconf 75' lang='lat' dir='ltr'>lirim.</span> <span class='ocrx_word' id='word_1_256' title='bbox 278 3243 431 3306; x_wconf 80' lang='lat' dir='ltr'>Claisholli</span> <span class='ocrx_word' id='word_1_257' title='bbox 450 3243 554 3325; x_wconf 77' lang='lat' dir='ltr'>Antiq-</span> <span class='ocrx_word' id='word_1_258' title='bbox 574 3241 673 3305; x_wconf 82' lang='lat' dir='ltr'>Asiat.</span> <span class='ocrx_word' id='word_1_259' title='bbox 694 3261 725 3324; x_wconf 86' lang='lat' dir='ltr'>p.</span> <span class='ocrx_word' id='word_1_260' title='bbox 747 3247 818 3305; x_wconf 76' lang='lat'>126.</span> 
     </span>
    </p>
   </div>
   <div class='ocr_carea' id='block_1_5' title="bbox 115 3338 1205 3491">
    <p class='ocr_par' dir='ltr' id='par_1_9' title="bbox 115 3338 1205 3491">
     <span class='ocr_line' id='line_1_35' title="bbox 200 3338 1205 3424; baseline -0.001 -17"><span class='ocrx_word' id='word_1_261' title='bbox 200 3338 285 3407; x_wconf 73' lang='lat' dir='ltr'>losa</span> <span class='ocrx_word' id='word_1_262' title='bbox 327 3339 485 3421; x_wconf 78' lang='grc' dir='ltr'><strong><em>Καμᾰρα]</em></strong></span> <span class='ocrx_word' id='word_1_263' title='bbox 507 3342 579 3406; x_wconf 88' lang='lat' dir='ltr'>olim</span> <span class='ocrx_word' id='word_1_264' title='bbox 599 3343 689 3422; x_wconf 82' lang='lat' dir='ltr'>Lato,</span> <span class='ocrx_word' id='word_1_265' title='bbox 713 3349 792 3405; x_wconf 83' lang='lat' dir='ltr'>teste</span> <span class='ocrx_word' id='word_1_266' title='bbox 812 3342 980 3424; x_wconf 78' lang='lat' dir='ltr'>Stephano,</span> <span class='ocrx_word' id='word_1_267' title='bbox 1003 3343 1087 3406; x_wconf 89' lang='lat' dir='ltr'>cuius</span> <span class='ocrx_word' id='word_1_268' title='bbox 1108 3341 1205 3406; x_wconf 84' lang='lat' dir='ltr'>verba</span> 
     </span>
     <span class='ocr_line' id='line_1_36' title="bbox 115 3424 1041 3491; baseline 0.002 -2"><span class='ocrx_word' id='word_1_269' title='bbox 115 3427 168 3490; x_wconf 92' lang='lat' dir='ltr'>lo.</span> <span class='ocrx_word' id='word_1_270' title='bbox 188 3424 339 3490; x_wconf 88' lang='lat' dir='ltr'>lileursius</span> <span class='ocrx_word' id='word_1_271' title='bbox 360 3428 382 3489; x_wconf 97' lang='lat' dir='ltr'>l.</span> <span class='ocrx_word' id='word_1_272' title='bbox 404 3433 422 3490; x_wconf 92' lang='lat'>1</span> <span class='ocrx_word' id='word_1_273' title='bbox 444 3426 555 3491; x_wconf 84' lang='lat' dir='ltr'>Cretae</span> <span class='ocrx_word' id='word_1_274' title='bbox 575 3445 650 3490; x_wconf 88' lang='lat' dir='ltr'>suae</span> <span class='ocrx_word' id='word_1_275' title='bbox 678 3446 705 3488; x_wconf 91' lang='lat' dir='ltr'>e.</span> <span class='ocrx_word' id='word_1_276' title='bbox 727 3431 747 3488; x_wconf 74' lang='grc'><strong>7</strong></span> <span class='ocrx_word' id='word_1_277' title='bbox 772 3432 855 3488; x_wconf 87' lang='lat' dir='ltr'>reete</span> <span class='ocrx_word' id='word_1_278' title='bbox 877 3427 1041 3491; x_wconf 82' lang='lat' dir='ltr'>constituit.</span> 
     </span>
    </p>
   </div>
   <div class='ocr_carea' id='block_1_6' title="bbox 202 3521 1206 3625">
    <p class='ocr_par' dir='ltr' id='par_1_10' title="bbox 202 3521 1206 3625">
     <span class='ocr_line' id='line_1_37' title="bbox 202 3521 1206 3625; baseline 0 -17"><span class='ocrx_word' id='word_1_279' title='bbox 202 3540 287 3608; x_wconf 74' lang='lat' dir='ltr'>lota</span> <span class='ocrx_word' id='word_1_280' title='bbox 310 3521 363 3608; x_wconf 54' lang='lat'>232</span> <span class='ocrx_word' id='word_1_281' title='bbox 377 3531 564 3621; x_wconf 74' lang='lat' dir='ltr'>”AiioyyoeJ</span> <span class='ocrx_word' id='word_1_282' title='bbox 585 3541 666 3606; x_wconf 83' lang='lat' dir='ltr'>lane</span> <span class='ocrx_word' id='word_1_283' title='bbox 678 3543 798 3606; x_wconf 87' lang='lat' dir='ltr'>insulae</span> <span class='ocrx_word' id='word_1_284' title='bbox 821 3543 925 3607; x_wconf 81' lang='lat' dir='ltr'>urbem</span> <span class='ocrx_word' id='word_1_285' title='bbox 945 3543 1076 3608; x_wconf 82' lang='lat' dir='ltr'>nondum</span> <span class='ocrx_word' id='word_1_286' title='bbox 1093 3543 1206 3625; x_wconf 87' lang='lat' dir='ltr'>reperi.</span> 
     </span>
    </p>
   </div>
   <div class='ocr_carea' id='block_1_7' title="bbox 111 3626 1207 3860">
    <p class='ocr_par' dir='ltr' id='par_1_11' title="bbox 111 3626 1207 3860">
     <span class='ocr_line' id='line_1_38' title="bbox 114 3626 1207 3732; baseline 0.002 -44"><span class='ocrx_word' id='word_1_287' title='bbox 114 3626 254 3708; x_wconf 87' lang='lat' dir='ltr'>suspicio</span> <span class='ocrx_word' id='word_1_288' title='bbox 287 3629 325 3726; x_wconf 76' lang='lat' dir='ltr'>(le</span> <span class='ocrx_word' id='word_1_289' title='bbox 358 3628 477 3725; x_wconf 42' lang='lat' dir='ltr'>mento·</span> <span class='ocrx_word' id='word_1_290' title='bbox 497 3645 566 3725; x_wconf 75' lang='lat' dir='ltr'>esse</span> <span class='ocrx_word' id='word_1_291' title='bbox 595 3634 716 3709; x_wconf 86' lang='lat' dir='ltr'>potest,</span> <span class='ocrx_word' id='word_1_292' title='bbox 749 3627 809 3690; x_wconf 89' lang='lat' dir='ltr'>nisi</span> <span class='ocrx_word' id='word_1_293' title='bbox 838 3628 1016 3728; x_wconf 58' lang='lat' dir='ltr'>5¹!N0fifiip</span> <span class='ocrx_word' id='word_1_294' title='bbox 1034 3645 1131 3732; x_wconf 42' lang='lat' dir='ltr'>poam·</span> <span class='ocrx_word' id='word_1_295' title='bbox 1146 3629 1207 3690; x_wconf 85' lang='lat' dir='ltr'>lae.</span> 
     </span>
     <span class='ocr_line' id='line_1_39' title="bbox 111 3710 1207 3860; baseline -0.005 -84"><span class='ocrx_word' id='word_1_296' title='bbox 111 3710 348 3860; x_wconf 50' lang='lat' dir='ltr'>fimoplppp</span> <span class='ocrx_word' id='word_1_297' title='bbox 374 3711 503 3788; x_wconf 69' lang='lat' dir='ltr'>aldrmt,</span> <span class='ocrx_word' id='word_1_298' title='bbox 532 3717 613 3774; x_wconf 81' lang='lat' dir='ltr'>inter</span> <span class='ocrx_word' id='word_1_299' title='bbox 633 3711 799 3774; x_wconf 87' lang='lat' dir='ltr'>Cretenses</span> <span class='ocrx_word' id='word_1_300' title='bbox 820 3725 978 3792; x_wconf 82' lang='lat' dir='ltr'>episeopus</span> <span class='ocrx_word' id='word_1_301' title='bbox 999 3729 1016 3768; x_wconf 95' lang='lat' dir='ltr'>o</span> <span class='ocrx_word' id='word_1_302' title='bbox 1038 3712 1207 3791; x_wconf 76' lang='lat' dir='ltr'>Attopyoo</span> 
     </span>
    </p>
   </div>
   <div class='ocr_carea' id='block_1_8' title="bbox 113 3906 1208 4225">
    <p class='ocr_par' dir='ltr' id='par_1_12' title="bbox 113 3906 1208 4225">
     <span class='ocr_line' id='line_1_40' title="bbox 202 3906 1207 3992; baseline -0.007 -17"><span class='ocrx_word' id='word_1_303' title='bbox 202 3907 286 3975; x_wconf 73' lang='lat' dir='ltr'>mou</span> <span class='ocrx_word' id='word_1_304' title='bbox 329 3906 550 3992; x_wconf 71' lang='grc' dir='ltr'>Χερσόνησος]</span> <span class='ocrx_word' id='word_1_305' title='bbox 570 3913 682 3974; x_wconf 87' lang='lat' dir='ltr'>navale</span> <span class='ocrx_word' id='word_1_306' title='bbox 705 3918 773 3973; x_wconf 90' lang='lat' dir='ltr'>erat</span> <span class='ocrx_word' id='word_1_307' title='bbox 789 3909 887 3989; x_wconf 76' lang='lat' dir='ltr'>nycol,</span> <span class='ocrx_word' id='word_1_308' title='bbox 907 3909 991 3972; x_wconf 89' lang='lat' dir='ltr'>euius</span> <span class='ocrx_word' id='word_1_309' title='bbox 1010 3909 1132 3992; x_wconf 89' lang='lat' dir='ltr'>praesul</span> <span class='ocrx_word' id='word_1_310' title='bbox 1154 3907 1207 3970; x_wconf 86' lang='lat' dir='ltr'>Ni-</span> 
     </span>
     <span class='ocr_line' id='line_1_41' title="bbox 114 3992 1206 4075; baseline -0.001 -20"><span class='ocrx_word' id='word_1_311' title='bbox 114 3993 236 4056; x_wconf 87' lang='lat' dir='ltr'>siunins</span> <span class='ocrx_word' id='word_1_312' title='bbox 255 3993 411 4058; x_wconf 84' lang='lat' dir='ltr'>Nicaenae</span> <span class='ocrx_word' id='word_1_313' title='bbox 440 3995 592 4057; x_wconf 71' lang='lat' dir='ltr'>secuntiae</span> <span class='ocrx_word' id='word_1_314' title='bbox 626 3995 745 4072; x_wconf 69' lang='lat' dir='ltr'>mollo</span> <span class='ocrx_word' id='word_1_315' title='bbox 774 3993 934 4056; x_wconf 82' lang='lat' dir='ltr'>scribendo</span> <span class='ocrx_word' id='word_1_316' title='bbox 964 3992 1064 4056; x_wconf 81' lang='lat' dir='ltr'>adluit</span> <span class='ocrx_word' id='word_1_317' title='bbox 1083 4012 1113 4075; x_wconf 91' lang='lat' dir='ltr'>p.</span> <span class='ocrx_word' id='word_1_318' title='bbox 1134 3994 1206 4054; x_wconf 77' lang='lat' dir='ltr'>sal.</span> 
     </span>
     <span class='ocr_line' id='line_1_42' title="bbox 113 4069 1208 4225; baseline 0.003 -91"><span class='ocrx_word' id='word_1_319' title='bbox 113 4069 322 4225; x_wconf 49' lang='grc' dir='ltr'>ιἴῆευρέόνησος</span> <span class='ocrx_word' id='word_1_320' title='bbox 349 4069 480 4160; x_wconf 70' lang='grc' dir='ltr'><em>Κρήτης</em></span> <span class='ocrx_word' id='word_1_321' title='bbox 513 4078 546 4141; x_wconf 92' lang='lat' dir='ltr'>in</span> <span class='ocrx_word' id='word_1_322' title='bbox 579 4077 666 4142; x_wconf 82' lang='lat' dir='ltr'>Actis</span> <span class='ocrx_word' id='word_1_323' title='bbox 692 4077 814 4142; x_wconf 70' lang='lat' dir='ltr'>consilii</span> <span class='ocrx_word' id='word_1_324' title='bbox 841 4076 987 4160; x_wconf 70' lang='lat' dir='ltr'>Ephesiui</span> <span class='ocrx_word' id='word_1_325' title='bbox 1014 4097 1044 4206; x_wconf 88' lang='lat' dir='ltr'>p.</span> <span class='ocrx_word' id='word_1_326' title='bbox 1072 4081 1135 4140; x_wconf 74' lang='grc'>437</span> <span class='ocrx_word' id='word_1_327' title='bbox 1159 4073 1208 4137; x_wconf 81' lang='lat' dir='ltr'>ni·</span> 
     </span>
    </p>
   </div>
   <div class='ocr_carea' id='block_1_9' title="bbox 0 0 1538 4867">
    <p class='ocr_par' dir='ltr' id='par_1_13' title="bbox 0 0 1538 4867">
     <span class='ocr_line' id='line_1_43' title="bbox 0 0 1538 4867; baseline 0 1"><span class='ocrx_word' id='word_1_328' title='bbox 0 0 1538 4867; x_wconf 95' lang='lat' dir='ltr'> </span> 
     </span>
    </p>
   </div>
  </div>
 </body>
</html>
