3067 4867
268 184 314 255 10
511 188 575 254 EX
599 186 802 257 nannvmt
825 191 1124 261 PRAEFATIONE.

348 352 432 419 Parte
458 366 549 418 autern
577 354 698 419 secunda
724 352 843 419 habetur
864 357 988 441 inprimis
1009 357 1083 423 liber
1105 355 1275 421 Constantini
1296 359 1365 423 Por·

262 458 443 549 pbpnogeniti
477 462 513 525 ad
546 464 697 529 Romanum
731 460 830 535 fitium
871 464 917 548 qui
951 465 1062 550 quidem
1090 489 1108 530 a
1135 466 1260 531 Moursio
1287 467 1366 531 titulo

263 572 302 631 ds
327 572 567 632 summovendo
592 577 715 653 irnperio
738 570 862 633 donatur.
907 570 935 634 in
963 569 1018 635 boo
1045 586 1137 637 autern
1163 595 1268 658 opere,
1302 575 1373 639 dum,

261 670 374 759 imperii
390 676 540 762 prudenter
551 678 757 745 administrandi
771 678 906 741 rationem
919 674 1085 763 praescribit
1097 676 1365 769 Porplrprogenitus,

263 781 441 866 plurimarum
477 788 600 874 gentium
634 810 706 875 quae
733 784 882 869 Cpolitano
910 786 1029 871 imperio
1058 785 1248 853 formidabiles
1276 803 1364 867 erant,

228 898 232 913 '
260 886 489 957 Patsinacitarum
516 895 663 959 linteorum
689 894 874 981 bulgarorum
896 892 1048 955 ancarum
1072 893 1273 960 Saracenorum
1286 900 1365 987 ,Dat-

261 1010 394 1062 matarum
422 997 626 1066 Chrobatornm
651 1002 800 1068 Slavorum
828 1000 998 1065 Francorum
1024 998 1153 1065 Italorum
1181 1014 1210 1067 et
1238 1002 1364 1081 aliorum,

260 1118 351 1169 terras
368 1108 494 1194 origines
510 1131 605 1172 mores
622 1122 651 1174 et
668 1121 749 1196 gesta
768 1106 910 1183 describit,
933 1106 971 1171 ita
990 1119 1017 1170 ut
1035 1107 1063 1169 in
1082 1127 1117 1169 eo
1135 1130 1264 1172 summam
1282 1114 1366 1176 totius

261 1212 390 1298 imperii,
421 1216 559 1280 sociorum
576 1220 696 1283 omnium
714 1216 846 1290 foedera,
877 1213 995 1278 boetium
1012 1216 1090 1278 vires'
1109 1214 1230 1279 rationes
1248 1218 1365 1282 consilia

259 1311 456 1405 explicaiverit;
487 1336 570 1409 atque
597 1324 671 1389 adeo
698 1323 795 1408 operis
820 1321 900 1385 buius
924 1333 1113 1406 argumentum
1129 1335 1184 1386 tam
1205 1322 1365 1389 historicum

258 1450 340 1513 qnam
359 1427 498 1507 politicum
517 1444 574 1506 ost,
594 1445 622 1496 ut
639 1433 700 1519 ipse
716 1432 745 1495 in
760 1430 905 1515 prooemio
922 1424 1004 1490 docet
1019 1424 1218 1491 Constantinus.
1261 1432 1368 1517 prodiit

259 1534 376 1619 primum
404 1532 459 1599 boc
487 1558 557 1623 opus
585 1538 698 1604 Graece
716 1552 744 1603 et
761 1539 860 1603 Latine
882 1538 1034 1619 interprete
1053 1532 1093 1596 lo.
1113 1532 1237 1599 bleorsio
1257 1550 1365 1604 etcum

197 1702 201 1709 .
259 1641 320 1705 eins
350 1643 423 1705 notis
452 1642 649 1721 brevioribus,
684 1646 812 1733 Lugduni
840 1644 1024 1713 Batavorum,
1055 1638 1097 1703 lo.
1126 1640 1252 1739 Balduini
1280 1646 1363 1732 typis,

257 1746 328 1811 Lud.
347 1748 482 1815 Elzevirii
501 1752 649 1837 impensis,
670 1779 697 1819 a.
717 1759 817 1829 1617,
840 1754 869 1818 in
887 1754 916 1817 8.
960 1770 1041 1834 quam
1059 1757 1149 1809 autem
1169 1749 1230 1833 ipse
1247 1771 1364 1834 operam

256 1852 436 1920 Constantino
456 1857 618 1921 narraverim
636 1858 665 1923 in
682 1858 736 1925 bau
753 1884 827 1925 nova
845 1859 983 1929 editione,
1006 1852 1073 1918 licet
1090 1852 1200 1937 planum
1217 1855 1253 1919 sit
1271 1858 1298 1921 ei
1317 1860 1365 1943 qui

254 1974 398 2049 utramque
425 1963 545 2028 invicem
572 1966 735 2040 contulerit,
764 1964 890 2030 breviter
917 1974 1009 2027 tamen
1037 1980 1184 2045 exponam.
1238 1962 1365 2049 inprimis

255 2079 357 2133 textum
386 2068 525 2133 Graecum
553 2072 655 2136 contuli
681 2094 743 2137 oum
767 2070 865 2135 codice
882 2092 925 2132 ms
942 2066 1155 2134 membranaceo
1173 2066 1369 2171 bibliothecae

254 2174 380 2261 Regiae,
398 2176 521 2259 optimae
536 2191 633 2255 notae,
663 2203 692 2245 n.
709 2182 809 2252 2661,
839 2198 920 2263 quem
938 2176 1016 2237 aunis
1034 2172 1136 2236 abhinc
1154 2172 1267 2238 circitor
1284 2178 1360 2258 quin·

255 2282 348 2367 gentis
373 2280 504 2367 scriptum
530 2282 615 2348 luisse
637 2284 720 2349 aium.
764 2280 976 2349 innumerabiles
994 2278 1123 2354 mendas,
1152 2278 1250 2364 quibus
1267 2280 1363 2345 Meur-

253 2389 333 2453 siana
355 2388 442 2453 editio
462 2390 582 2475 undique
599 2392 739 2470 scatebat,
771 2374 940 2462 sustulivnus;
972 2387 1035 2451 loca
1058 2399 1189 2473 corrupta
1206 2410 1240 2451 ac
1257 2388 1361 2466 mutila,

253 2518 325 2583 quae
343 2495 463 2583 plurima
481 2510 560 2561 erant
577 2500 700 2564 intexta
717 2499 830 2563 Graeco
849 2496 941 2571 edito,
961 2516 998 2559 ex
1015 2492 1116 2557 eodem
1132 2516 1174 2556 ms
1191 2493 1285 2581 liegio
1301 2517 1361 2559 san·

253 2604 377 2669 sivimus.
434 2616 585 2691 praeterea
612 2617 694 2693 capnt
712 2608 754 2675 23
773 2604 809 2667 do
826 2601 921 2666 lberia
943 2614 971 2665 et
991 2599 1031 2668 24
1050 2599 1086 2663 ds
1103 2600 1255 2685 Hispania,
1289 2624 1362 2689 quae

253 2708 394 2775 Meus-sios
411 2721 505 2796 utpote
522 2711 603 2776 nimis
620 2724 767 2799 corrupta,
797 2723 827 2776 ut
844 2707 905 2796 ipse
924 2711 953 2774 in
970 2708 1042 2773 notis
1060 2706 1114 2783 ait,
1143 2707 1205 2770 sine
1222 2706 1360 2792 interpre-

253 2820 357 2882 tatione
394 2818 495 2883 Latina
530 2818 700 2905 reliquerat,
739 2818 840 2881 Latina
875 2814 998 2880 lecimus.
1055 2813 1174 2900 denique
1201 2814 1360 2877 versionem

252 2924 333 2987 totius
360 2921 426 2987 libri
453 2924 543 2988 multis
570 2925 600 2989 in
627 2925 699 2989 loeis
727 2922 932 2989 emendavimus
960 2922 1098 2996 auximus,
1123 2930 1262 3003 totumque
1289 2942 1360 3004 opus

252 3030 536 3097 animadversionibus
563 3030 763 3099 illustravimus.
823 3030 915 3117 quami
946 3038 1037 3090 autem
1063 3024 1218 3090 iaciendum
1243 3025 1277 3089 sit
1304 3024 1362 3090 boe

251 3135 485 3227 Porplvprogeniti
503 3162 588 3225 opus,
616 3140 717 3226 inquo
735 3136 853 3225 plurima
871 3134 1007 3199 habentur
1025 3130 1164 3197 historicis
1182 3151 1216 3193 ao
1234 3152 1360 3219 geogra-

250 3244 315 3330 pbis
332 3244 379 3308 vel
398 3246 495 3332 ignota
512 3246 559 3310 vel
577 3246 613 3310 ab
632 3248 675 3312 eis
692 3246 803 3312 silentio
824 3242 1037 3328 praetermissa,
1067 3260 1148 3304 nemu
1177 3236 1221 3304 vel
1250 3236 1358 3303 medio·

252 3352 337 3417 ariter
354 3350 451 3416 doum
468 3352 589 3439 ignorat.
