3067 4867
275 468 299 539 4
721 460 925 531 vnecnnu

273 632 376 697 Vestro
396 602 534 693 beneddio
554 626 699 692 iuventutis
717 624 802 690 decus
817 626 854 690 sit
868 635 1086 709 recuperaturus.
1128 641 1185 707 qno
1201 618 1310 706 quidem
1324 640 1372 683 no

273 738 348 801 mine
362 734 529 798 immortales
542 731 646 807 Vobis,
662 732 791 817 quamdiu
805 731 904 807 stultit,
920 732 1027 819 gratias
1042 726 1165 791 debebit.
1208 736 1289 808 atque
1303 736 1331 788 nt
1345 726 1374 790 in

273 843 491 931 praesentiarum
516 838 553 903 de
571 836 689 903 utilitate
709 836 778 901 uilril
799 831 889 902 dinam
906 856 979 922 quae
998 854 1035 897 ex
1051 832 1107 897 boe
1122 855 1213 919 opere
1225 834 1261 897 ad
1277 854 1374 898 omues

272 951 400 1035 antiquae
422 946 638 1031 rououditaeque
660 942 805 1007 doetrinae
821 942 959 1008 studiosos
977 953 1020 1004 eat
1039 949 1222 1024 perventura,
1243 951 1373 1029 quaeest

272 1054 399 1141 prolecto
420 1053 553 1128 maxima,
577 1048 747 1125 excitandis,
770 1048 852 1113 imo
872 1044 1076 1113 inflammabitis
1098 1046 1196 1110 illustri
1217 1046 1374 1132 hecquem

272 1157 449 1247 praeluxistis
469 1155 531 1223 laue
551 1159 635 1223 etiam
658 1156 743 1231 aliua,
766 1166 794 1217 ιιι
808 1155 935 1240 quiequid
951 1154 1104 1218 lacerarem
1118 1175 1155 1217 ex
1168 1152 1225 1217 lrou
1239 1152 1374 1217 oommuui

270 1262 501 1329 bibliothecarum
521 1262 699 1349 Belgiearum
719 1260 868 1347 naufragio
885 1260 1039 1327 tabularum
1056 1261 1092 1324 ad
1112 1258 1371 1347 ipsospervenerit,

271 1372 333 1459 pari
357 1368 501 1432 alacritate
525 1369 553 1432 in
577 1390 653 1435 usum
672 1366 809 1457 publienm
828 1366 982 1435 emturum.
1024 1390 1140 1454 quorum
1153 1367 1183 1430 iu
1196 1369 1309 1431 numeru
1323 1386 1372 1427 no·

269 1500 332 1542 men
350 1498 440 1541 meum
454 1474 544 1540 libens
558 1472 702 1561 profiteor.
745 1474 907 1561 simulatque
920 1477 993 1541 enim
1008 1473 1116 1541 consilii
1131 1474 1226 1539 venri
1238 1475 1374 1538 rationem

270 1586 305 1649 do
328 1584 425 1670 operis
446 1582 526 1647 huius
546 1580 669 1647 editione
689 1584 826 1667 cognovi,
848 1585 992 1648 continere
1012 1604 1059 1645 me
1078 1602 1135 1645 uun
1152 1582 1228 1666 potui
1247 1581 1314 1666 quin
1332 1591 1372 1643 tu·

269 1692 357 1756 standi
373 1687 474 1775 priuati
488 1688 543 1751 mei
557 1686 653 1773 gaudii
668 1688 804 1775 studiique
817 1711 888 1775 erga
902 1712 962 1753 rem
974 1686 1127 1753 literariam
1141 1709 1225 1751 eausa
1238 1685 1371 1751 Constan-

268 1800 351 1863 tinnm
366 1794 657 1881 Porplrprogennetam
672 1796 741 1879 περὶ
754 1796 898 1878 θεμάτων
906 1779 929 1872 ,⁴
937 1808 1079 1861 auderem
1099 1816 1234 1880 nunquam
1255 1790 1374 1855 antehae

270 1907 388 1979 editum,
411 1901 527 1987 primum
547 1920 564 1962 e
584 1898 673 1963 multia
694 1904 854 1988 arriperem
874 1904 1032 1989 publioique
1053 1902 1120 1966 iuris
1140 1901 1272 1963 lacerem.
1314 1909 1374 1961 truu

269 2033 338 2077 vero
354 2030 454 2072 causae
469 2006 575 2069 luerunt
590 2004 686 2088 quibua
700 2007 832 2073 adnuens
845 2007 1034 2093 dignissimum
1048 2028 1111 2089 enm
1125 2005 1244 2071 indicavi
1258 2002 1304 2087 qni
1318 2024 1372 2065 uuo

268 2120 424 2200 eodemque
448 2124 574 2195 tempore
595 2128 649 2194 quo
671 2122 787 2174 renatae
809 2124 868 2175 aunt
888 2110 968 2173 orbis
987 2111 1122 2183 deliciae,
1144 2110 1200 2172 hoc
1218 2118 1260 2171 est
1275 2108 1372 2171 imeri·

268 2225 378 2311 ptiones
393 2221 527 2291 Vestrae,
548 2216 576 2279 iu
590 2216 773 2281 clarissimam
787 2196 937 2280 doctissimi
952 2216 1032 2279 huius
1048 2214 1134 2279 seculi
1154 2216 1242 2280 lucem
1261 2212 1373 2299 ampliu·
1453 2200 1467 2211 ⁶

173 2344 178 2357 ·
268 2330 330 2393 simi
344 2326 461 2390 nominis
475 2322 569 2389 Vestri
584 2321 715 2407 auspiciis
731 2324 865 2409 prodiret.
897 2324 987 2408 prima
1002 2323 1075 2408 qnod
1090 2322 1250 2409 imperator,
1269 2320 1374 2384 Leonis

268 2434 341 2499 illius
363 2432 450 2502 iilius:
482 2426 584 2493 deinde
599 2430 673 2515 quod
689 2432 795 2516 optime
808 2431 845 2493 de
857 2430 953 2494 studiis
967 2430 1108 2495 literarum
1120 2428 1249 2505 meritus,
1271 2428 1374 2513 quippo

269 2542 315 2627 qui
337 2540 485 2603 exstinctas
505 2536 704 2621 propemodum
719 2558 752 2599 ne
765 2534 956 2622 semisepultns
970 2557 1020 2601 soa
1034 2548 1126 2601 aetate
1144 2536 1233 2600 bonas
1248 2548 1323 2600 artes
1339 2556 1374 2597 ae

269 2647 399 2711 scientias
412 2643 549 2707 sureeitarit
564 2654 594 2705 et
607 2640 643 2704 ab
658 2642 767 2707 interitu
783 2643 945 2717 audierim
975 2642 1058 2709 tertia
1071 2644 1145 2731 quod
1160 2644 1222 2730 pari
1235 2642 1297 2707 lere
1312 2664 1374 2706 com

269 2748 489 2837 inscriptionibus
504 2746 615 2811 Vestris
628 2746 737 2813 lortnrm
751 2748 796 2813 bis
809 2762 920 2835 eamus,
937 2751 1087 2817 militarem
1099 2751 1221 2815 furorem
1231 2762 1372 2837 expertus,

270 2860 437 2941 redemptus.
466 2876 529 2917 nam
544 2854 659 2940 primum
673 2854 845 2919 lieohliniae
859 2857 932 2942 apud
945 2858 1080 2923 medicum
1095 2858 1230 2945 quendam
1243 2844 1372 2943 duplum,
1394 2884 1402 2901 ·

268 2965 405 3029 'lliomarn
417 2958 597 3038 Clementem,
619 2984 715 3047 parum
728 2960 883 3028 elementer
895 2961 1005 3028 habitus
1017 2964 1116 3028 multos
1129 2986 1217 3028 annos
1231 2964 1259 3026 in
1273 2960 1373 3025 bibliu-

268 3074 370 3136 tlrerae
392 3068 437 3132 uel
461 3070 654 3152 βιβλιοπὲᾱης
677 3068 767 3155 potius
789 3068 919 3155 squalore
941 3082 969 3135 et
987 3069 1104 3156 pulvere
1120 3070 1213 3141 latnit;
1234 3081 1332 3155 postea
1347 3066 1374 3131 iu

270 3179 360 3241 altera
382 3176 503 3239 miserae
521 3174 593 3238 illiue
611 3174 688 3241 urbis
705 3176 863 3261 direptione
877 3176 1075 3259 αἰχμάλωτος,
1098 3176 1210 3241 militari
1224 3172 1376 3239 violentiae

268 3282 419 3357 obnoxius,
442 3282 568 3364 perierat
580 3282 632 3346 nisi
645 3284 788 3366 periisset:
819 3283 915 3347 neseio
929 3286 1003 3348 enim
1016 3303 1071 3369 quo
1083 3282 1159 3347 bono
1171 3304 1222 3345 auo
1235 3281 1293 3345 lato
1307 3280 1376 3344 milri

270 3390 397 3464 tandem,
420 3408 472 3451 nna
486 3410 547 3451 eum
561 3388 699 3475 Procopio
716 3389 753 3452 de
766 3387 902 3453 aediliciis
915 3390 1054 3455 iustiniani
1069 3401 1098 3453 et
1111 3388 1251 3475 Agathia,
1267 3388 1376 3452 oblatus

272 3495 418 3582 persolutis
441 3492 560 3578 λύτροις
579 3506 705 3559 servatus
723 3506 775 3560 est.
818 3496 895 3560 euius
918 3498 1029 3581 quidem
1051 3498 1227 3582 imperatoris
1248 3494 1325 3561 sinui
1347 3508 1376 3560 et

271 3602 416 3689 scriptoris
435 3600 531 3686 optimi
550 3601 686 3686 prolixam
707 3601 781 3687 apud
799 3601 860 3667 Vos
878 3602 1062 3667 laudationem
1077 3602 1220 3668 ἰιιιιιίιιιιιι
1232 3602 1301 3667 nihil
1314 3603 1376 3667 atti·

272 3720 334 3783 unt,
356 3728 417 3770 eum
439 3720 467 3770 et
489 3705 525 3768 ad
547 3706 652 3771 culeum
673 3706 752 3773 liuius
770 3708 835 3773 iniri
848 3709 964 3773 illustria
978 3708 1082 3794 aliquot
1095 3708 1288 3775 historicorum
1303 3706 1376 3772 illins

274 3813 338 3876 aevi
360 3812 397 3876 de
418 3832 454 3875 eo
473 3813 629 3877 testimonia
647 3816 854 3901 congesserim,
877 3828 906 3879 et
918 3814 978 3880 Vos
993 3815 1045 3900 ipsi
1059 3836 1113 3901 pro
1125 3816 1261 3901 singulari
1276 3816 1377 3880 Vestra

274 3918 429 3982 eruditione
447 3940 604 4005 summaque
618 3919 710 3985 iudicii
727 3922 878 3985 acrimonia
892 3920 1023 3985 laeillime
1036 3942 1101 3998 ena,
1122 3919 1208 3984 veluti
1223 3942 1259 3983 ex
1273 3942 1375 4005 ungue,

273 4025 348 4109 qnod
364 4022 452 4099 aiunt,
474 4023 598 4101 leonem,
620 4026 680 4091 sitis
695 4028 816 4113 agnituri
828 4027 1011 4115 scriptumque
1025 4028 1079 4091 lroe
1092 4026 1136 4091 rei
1149 4025 1293 4091 literariau
1305 4046 1376 4087 enm·
1394 4083 1397 4090 .

272 4150 391 4215 mopere
403 4128 470 4192 utile
484 4128 636 4207 indicaturi,
650 4154 710 4195 eum
724 4136 806 4197 totins
819 4134 882 4198 lere
894 4134 980 4199 Asiae
995 4147 1149 4197 accuratam
1163 4130 1378 4213 descriptionem

274 4236 441 4322 agminaque
454 4234 583 4299 militaria
597 4258 724 4321 peream
739 4240 882 4305 distributa
895 4241 1042 4314 contiueat,
1055 4250 1085 4301 ιι
1098 4234 1377 4321 praeterquamquod

274 4342 358 4406 ιιιιιιιι
383 4344 520 4407 contineat
544 4340 607 4406 aliis
628 4346 806 4433 geographis
823 4345 870 4408 vel
888 4346 985 4431 ignota
999 4345 1046 4423 ιιιΙ
1060 4344 1097 4408 ab
1112 4344 1154 4407 uia
1169 4341 1279 4406 silentio
1294 4360 1377 4426 prae·

273 4449 370 4527 terite,
393 4472 448 4513 nou
468 4471 555 4536 pauca
574 4448 678 4515 lrabem
694 4464 845 4538 praeterea
858 4452 895 4516 ad
909 4451 1075 4539 nudflitatia
1088 4463 1117 4517 et
1129 4448 1265 4515 historiae
1279 4446 1375 4533 cogui-
