3067 4867
183 1127 635 1226 ERUDlTO
693 1123 1136 1227 LECTORI

342 1360 615 1437 snsnnnos
660 1360 971 1438 nonnonrns.

115 1687 182 1779 De
204 1709 398 1777 Constantini
419 1714 675 1795 Porphyrogeniti
697 1713 841 1796 operihns
870 1732 891 1777 s
909 1714 1000 1780 nohis
1019 1716 1109 1783 editis
1130 1720 1207 1785 satis

113 1812 210 1879 multa
232 1812 361 1875 diximus
381 1814 412 1875 in
425 1814 638 1877 Praefatione:
660 1819 804 1895 quantum
824 1830 899 1875 vero
919 1814 1078 1881 literarum
1097 1819 1207 1883 studiis

111 1900 193 1964 idem
221 1897 389 1977 imperator
409 1896 532 1975 faverit,
554 1904 585 1959 et
605 1915 693 1959 nemo
716 1896 851 1979 ignorat,
872 1902 904 1958 et
924 1916 982 1961 nos
1001 1899 1090 1963 initio
1110 1901 1210 1965 enirn-

111 1980 326 2047 sdversionnm
366 1980 513 2042 nonnulla
541 1980 720 2043 tmdidhnus
748 1974 797 2057 ⁵).
851 1986 949 2044 restat
969 1986 1004 2043 nt
1031 1982 1082 2045 hic
1112 2001 1206 2067 qnae-

113 2066 187 2128 darn
210 2062 348 2125 breviter
368 2063 407 2125 nd
429 2062 710 2124 animadversiones
733 2080 918 2127 moneamus.
961 2065 1131 2147 etquidem
1152 2086 1207 2131 vs-

112 2149 180 2211 rias
201 2147 355 2220 lectiones,
380 2162 457 2227 quae
477 2146 590 2227 passim
611 2146 642 2207 in
664 2146 746 2208 hisee
766 2146 881 2207 nostris
894 2144 1209 2213 animadversionibus

112 2234 300 2305 occurrunt,
333 2228 402 2289 ideo
424 2230 618 2309 opposuimus
639 2234 673 2291 ut
694 2228 842 2291 lectiones
876 2230 950 2292 illes
971 2248 1050 2312 qnae
1072 2234 1209 2297 enctoris

108 2332 233 2377 sensum
263 2310 422 2373 immutare
453 2330 543 2394 posse
570 2310 772 2391 videbantur,
794 2312 925 2374 eliornrn
945 2313 1075 2395 ingeniis
1095 2316 1206 2379 diiudi-

107 2398 228 2460 candae
255 2394 452 2458 exhiberem:
483 2413 554 2457 nann
576 2412 653 2477 quae
682 2393 775 2475 porri
796 2395 940 2458 nomenti
960 2403 1041 2476 sunt,
1061 2416 1100 2461 es
1118 2400 1206 2463 nulla

108 2478 256 2564 apposite
289 2478 508 2555 adnotatione,
530 2478 581 2539 vel
608 2476 689 2559 qnod
719 2478 764 2540 ite
785 2478 818 2539 in
837 2496 901 2540 mss
923 2479 1047 2561 Regiis,
1069 2498 1146 2563 qnos
1170 2482 1203 2546 in

106 2562 304 2645 praefatione
324 2560 461 2639 citemus,
479 2560 642 2642 legebatur
664 2560 715 2621 vei
735 2560 816 2642 qnod
837 2559 883 2622 ite
902 2560 968 2642 legi
989 2561 1129 2642 debehat,
1150 2584 1204 2627 ve-

106 2648 169 2710 luti
192 2645 362 2707 scrihernrn
381 2644 500 2717 menda,
524 2644 576 2726 qni
598 2642 806 2725 diphthongos
838 2649 869 2704 et
890 2644 1015 2707 vocales
1036 2646 1112 2708 nire
1132 2667 1206 2711 con-

106 2730 241 2793 fundere
262 2727 372 2801 solent,
390 2727 584 2809 castigamus.
625 2725 696 2788 loce
717 2724 807 2788 varis
817 2724 1021 2805 constantini,
1040 2730 1206 2811 praecipue

107 2832 152 2876 ex
176 2810 265 2875 lihris
286 2810 325 2872 de
345 2810 559 2889 Themessos,
581 2827 657 2891 qnos
686 2826 725 2872 ex
754 2808 897 2889 operibus
918 2816 1056 2875 veterum
1074 2815 1206 2895 scripto-

103 2914 177 2958 rum
208 2899 240 2957 ct
266 2893 447 2974 praesertin
462 2892 618 2973 Stephani
644 2890 789 2969 Byzantii
811 2891 1069 2972 concinnaverat,
1095 2904 1201 2959 eneto-

106 2978 208 3041 ritate
238 2976 311 3041 item
339 2982 474 3039 veterum
503 2976 684 3057 scriptorum
719 2980 751 3035 et
777 2973 925 3054 inprimis
955 2977 1206 3058 geographorum

104 3061 228 3143 passim
250 3057 443 3123 emendemus
465 3064 496 3121 et
515 3060 714 3122 illustremus.
757 3057 908 3119 Hieroclis
927 3066 1028 3123 antem
1047 3060 1205 3138 Synecde·

102 3164 192 3208 rnurn
218 3162 295 3224 opns
328 3143 367 3205 de
400 3142 568 3225 provinciis
590 3160 628 3205 ec
656 3139 783 3203 nrhihus
809 3140 937 3222 irnperio
959 3143 1110 3207 Orientali
1131 3145 1204 3208 ohim

102 3226 275 3304 subiectis,
305 3244 323 3289 n
353 3226 503 3308 scriptore
530 3231 637 3287 nostro
663 3224 807 3302 citatum,
833 3231 865 3286 et
893 3242 934 3288 ex
961 3244 1020 3309 qno
1043 3228 1140 3291 nnita
1162 3230 1203 3292 ed

102 3312 248 3384 verbnm,
270 3309 429 3388 etaient,
451 3308 614 3391 exscripsit
632 3306 712 3371 idem
734 3305 1027 3391 Porphyrogenitns,
1048 3311 1202 3393 integrunt

100 3400 181 3477 post
199 3393 298 3456 libros
319 3392 357 3454 de
377 3391 575 3455 Themetihns
597 3390 665 3453 ideo
696 3390 854 3468 edidimus,
874 3398 908 3453 nt
926 3393 1018 3455 facile
1040 3400 1202 3492 unumque

100 3495 187 3561 opns
208 3474 342 3538 conferri
362 3482 475 3556 posset
505 3474 615 3537 hihrurn
637 3490 711 3537 vero
732 3474 772 3534 de
792 3473 1036 3537 administrando
1055 3478 1202 3558 impenso,

99 3562 155 3643 qui
189 3559 272 3642 quod
296 3560 393 3621 mults
413 3556 568 3621 continent
596 3556 668 3620 eliis
695 3555 848 3619 historicis
875 3576 914 3620 ac
943 3560 1132 3640 geographis
1150 3562 1203 3624 vel

99 3644 219 3726 ignota
239 3641 289 3704 vei
308 3642 348 3704 nh
367 3640 412 3703 eis
431 3640 552 3704 silentio
572 3640 800 3721 praetermisso,
832 3638 1027 3703 difficillimus
1045 3641 1203 3707 intellectu

98 3728 243 3803 videtur,
266 3742 325 3807 qno
346 3722 496 3804 potuimus
511 3722 600 3786 rhodo
625 3722 783 3786 iilustrare
804 3722 907 3787 conati
924 3740 1036 3804 sumus,
1059 3743 1201 3807 praescr.

96 3811 158 3874 tim
180 3826 219 3872 ee
241 3826 320 3891 quse
340 3808 378 3870 de
400 3806 555 3871 Dalmatis
574 3806 688 3870 scribit

224 4021 269 4057 ess
294 4004 538 4057 animadversiones
566 4001 648 4056 homo
666 4004 815 4073 Rngusinus
832 4003 1010 4074 popularibus
1024 4008 1079 4060 suis
1096 4008 1202 4062 ridetur

94 4076 261 4161 scripsiss03
280 4092 348 4159 quos
366 4092 428 4127 curn
446 4076 515 4127 forte
533 4074 718 4159 libris-parum
737 4076 882 4159 instructos
900 4076 1029 4162 novisset,
1044 4094 1101 4131 non
1120 4080 1201 4132 dubi-

92 4146 496 4289 {iffihh'i‘t‘tttssh
515 4144 890 4270 :itihhihhtht
911 4154 946 4269 ⁰1².
960 4148 1059 4270 i'.“‘¹¹²⁸
1075 4166 1125 4203 ¹²⁰⁰
1146 4161 1202 4203 ”¹¹¹¹

209 4330 303 4385 Const-
322 4328 421 4401 Porph.
1020 4327 1054 4382 18
