<?xml version="1.0" encoding="UTF-8"?>
<!DOCTYPE html PUBLIC "-//W3C//DTD XHTML 1.0 Transitional//EN"
    "http://www.w3.org/TR/xhtml1/DTD/xhtml1-transitional.dtd">
<html xmlns="http://www.w3.org/1999/xhtml" xml:lang="en" lang="en">
 <head>
  <title>
</title>
<meta http-equiv="Content-Type" content="text/html;charset=utf-8" />
  <meta name='ocr-system' content='tesseract 3.04.00' />
  <meta name='ocr-capabilities' content='ocr_page ocr_carea ocr_par ocr_line ocrx_word'/>
</head>
<body>
  <div class='ocr_page' id='page_1' title='image "./corpusscriptoru00unkngoog/corpusscriptoru00unkngoog_0490.png"; bbox 0 0 3067 4867; ppageno 0'>
   <div class='ocr_carea' id='block_1_1' title="bbox 280 352 1179 440">
    <p class='ocr_par' dir='ltr' id='par_1_1' title="bbox 280 352 1179 440">
     <span class='ocr_line' id='line_1_1' title="bbox 280 352 1179 440; baseline -0.011 0"><span class='ocrx_word' id='word_1_1' title='bbox 280 352 323 440; x_wconf 83' lang='lat' dir='ltr'>in</span> <span class='ocrx_word' id='word_1_2' title='bbox 348 367 623 435; x_wconf 78' lang='lat' dir='ltr'>arnecnsnnn</span> <span class='ocrx_word' id='word_1_3' title='bbox 654 365 989 433; x_wconf 79' lang='lat' dir='ltr'>comrnnmnrns.</span> <span class='ocrx_word' id='word_1_4' title='bbox 1104 354 1179 430; x_wconf 76' lang='lat' dir='ltr'>lat</span> 
     </span>
    </p>
   </div>
   <div class='ocr_carea' id='block_1_2' title="bbox 49 533 1183 3427">
    <p class='ocr_par' dir='ltr' id='par_1_2' title="bbox 90 533 1178 789">
     <span class='ocr_line' id='line_1_2' title="bbox 177 533 1178 622; baseline -0.005 -16"><span class='ocrx_word' id='word_1_5' title='bbox 177 547 250 622; x_wconf 75' lang='grc'>396,</span> <span class='ocrx_word' id='word_1_6' title='bbox 271 547 302 607; x_wconf 83' lang='grc'>1.</span> <span class='ocrx_word' id='word_1_7' title='bbox 342 533 405 600; x_wconf 68' lang='lat' dir='ltr'>tirno</span> <span class='ocrx_word' id='word_1_8' title='bbox 426 536 663 620; x_wconf 73' lang='grc' dir='ltr'><strong><em>κονσουλάροον]</em></strong></span> <span class='ocrx_word' id='word_1_9' title='bbox 693 541 724 602; x_wconf 84' lang='lat' dir='ltr'>in</span> <span class='ocrx_word' id='word_1_10' title='bbox 745 541 863 604; x_wconf 68' lang='lat' dir='ltr'>Noiifit</span> <span class='ocrx_word' id='word_1_11' title='bbox 883 541 954 622; x_wconf 78' lang='lat' dir='ltr'>imp.</span> <span class='ocrx_word' id='word_1_12' title='bbox 974 537 1089 602; x_wconf 83' lang='lat' dir='ltr'>orient</span> <span class='ocrx_word' id='word_1_13' title='bbox 1111 557 1138 600; x_wconf 80' lang='lat' dir='ltr'>c·</span> <span class='ocrx_word' id='word_1_14' title='bbox 1161 544 1178 601; x_wconf 89' lang='lat'>1</span> 
     </span>
     <span class='ocr_line' id='line_1_3' title="bbox 92 622 1178 720; baseline -0.002 -34"><span class='ocrx_word' id='word_1_15' title='bbox 92 627 266 706; x_wconf 74' lang='lat' dir='ltr'>praesidem</span> <span class='ocrx_word' id='word_1_16' title='bbox 287 625 383 689; x_wconf 81' lang='lat' dir='ltr'>caria</span> <span class='ocrx_word' id='word_1_17' title='bbox 402 626 506 701; x_wconf 84' lang='lat' dir='ltr'>halet,</span> <span class='ocrx_word' id='word_1_18' title='bbox 529 630 620 720; x_wconf 66' lang='lat' dir='ltr'>alpos</span> <span class='ocrx_word' id='word_1_19' title='bbox 641 625 722 705; x_wconf 85' lang='lat' dir='ltr'>apol</span> <span class='ocrx_word' id='word_1_20' title='bbox 743 624 948 687; x_wconf 74' lang='lat' dir='ltr'>sozomenum</span> <span class='ocrx_word' id='word_1_21' title='bbox 967 623 1004 686; x_wconf 79' lang='lat' dir='ltr'>ll</span> <span class='ocrx_word' id='word_1_22' title='bbox 1026 623 1064 684; x_wconf 81' lang='lat' dir='ltr'>ll.</span> <span class='ocrx_word' id='word_1_23' title='bbox 1085 622 1107 684; x_wconf 81' lang='lat'>5</span> <span class='ocrx_word' id='word_1_24' title='bbox 1128 627 1178 684; x_wconf 79' lang='lat'>21:</span> 
     </span>
     <span class='ocr_line' id='line_1_4' title="bbox 90 703 896 789; baseline 0 -19"><span class='ocrx_word' id='word_1_25' title='bbox 90 710 202 772; x_wconf 77' lang='lat' dir='ltr'><strong>scribit</strong></span> <span class='ocrx_word' id='word_1_26' title='bbox 222 709 300 773; x_wconf 89' lang='lat' dir='ltr'>enim</span> <span class='ocrx_word' id='word_1_27' title='bbox 319 708 361 789; x_wconf 77' lang='grc' dir='ltr'>τῷ</span> <span class='ocrx_word' id='word_1_28' title='bbox 383 703 513 788; x_wconf 77' lang='grc' dir='ltr'><strong><em>ἡγεμόνι</em></strong></span> <span class='ocrx_word' id='word_1_29' title='bbox 532 704 730 787; x_wconf 79' lang='grc' dir='ltr'><strong><em>τηςΚαρίας</em></strong></span> <span class='ocrx_word' id='word_1_30' title='bbox 750 708 896 770; x_wconf 81' lang='lat' dir='ltr'>lolianus.</span> 
     </span>
    </p>

    <p class='ocr_par' dir='ltr' id='par_1_3' title="bbox 92 804 1181 976">
     <span class='ocr_line' id='line_1_5' title="bbox 178 804 1181 891; baseline -0.004 -17"><span class='ocrx_word' id='word_1_31' title='bbox 178 806 262 874; x_wconf 74' lang='lat' dir='ltr'>ma</span> <span class='ocrx_word' id='word_1_32' title='bbox 303 804 462 889; x_wconf 65' lang='lat' dir='ltr'>Mileto]</span> <span class='ocrx_word' id='word_1_33' title='bbox 496 805 639 887; x_wconf 67' lang='grc' dir='ltr'><strong><em>Μίλητος</em></strong></span> <span class='ocrx_word' id='word_1_34' title='bbox 665 813 728 885; x_wconf 84' lang='lat' dir='ltr'>est,</span> <span class='ocrx_word' id='word_1_35' title='bbox 747 809 823 873; x_wconf 80' lang='lat' dir='ltr'>orbs</span> <span class='ocrx_word' id='word_1_36' title='bbox 842 807 1040 887; x_wconf 82' lang='lat' dir='ltr'>nobilissima,</span> <span class='ocrx_word' id='word_1_37' title='bbox 1061 806 1101 870; x_wconf 88' lang='lat' dir='ltr'>‹le</span> <span class='ocrx_word' id='word_1_38' title='bbox 1120 821 1181 891; x_wconf 76' lang='lat' dir='ltr'>pne</span> 
     </span>
     <span class='ocr_line' id='line_1_6' title="bbox 92 889 409 976; baseline -0.019 -21"><span class='ocrx_word' id='word_1_39' title='bbox 92 889 212 956; x_wconf 82' lang='lat' dir='ltr'>Strabo</span> <span class='ocrx_word' id='word_1_40' title='bbox 231 897 274 956; x_wconf 89' lang='grc'>14</span> <span class='ocrx_word' id='word_1_41' title='bbox 294 913 324 976; x_wconf 87' lang='lat' dir='ltr'>p.</span> <span class='ocrx_word' id='word_1_42' title='bbox 336 894 409 974; x_wconf 73' lang='grc'>686.</span> 
     </span>
    </p>

    <p class='ocr_par' dir='ltr' id='par_1_4' title="bbox 78 981 1183 1736">
     <span class='ocr_line' id='line_1_7' title="bbox 176 981 1181 1073; baseline -0.006 -17"><span class='ocrx_word' id='word_1_43' title='bbox 176 989 260 1056; x_wconf 65' lang='lat' dir='ltr'>ltro„</span> <span class='ocrx_word' id='word_1_44' title='bbox 281 997 311 1054; x_wconf 74' lang='lat'>2.</span> <span class='ocrx_word' id='word_1_45' title='bbox 354 985 544 1067; x_wconf 77' lang='grc' dir='ltr'><strong><em>Ἡρακλείας</em></strong></span> <span class='ocrx_word' id='word_1_46' title='bbox 560 981 688 1070; x_wconf 74' lang='grc' dir='ltr'><strong><em>Ὀγμοκῖ]</em></strong></span> <span class='ocrx_word' id='word_1_47' title='bbox 718 990 848 1073; x_wconf 77' lang='lat' dir='ltr'>iungant</span> <span class='ocrx_word' id='word_1_48' title='bbox 875 989 952 1054; x_wconf 81' lang='lat' dir='ltr'>llaec</span> <span class='ocrx_word' id='word_1_49' title='bbox 970 1007 1181 1054; x_wconf 74' lang='lat' dir='ltr'>mast-veram</span> 
     </span>
     <span class='ocr_line' id='line_1_8' title="bbox 92 1068 1181 1154; baseline -0.002 -18"><span class='ocrx_word' id='word_1_50' title='bbox 92 1080 144 1136; x_wconf 86' lang='lat' dir='ltr'>est</span> <span class='ocrx_word' id='word_1_51' title='bbox 159 1068 333 1154; x_wconf 81' lang='grc' dir='ltr'><strong><em>Ἡράκλεια</em></strong></span> <span class='ocrx_word' id='word_1_52' title='bbox 355 1070 504 1152; x_wconf 79' lang='grc' dir='ltr'><strong><em>Λάτμον,</em></strong></span> <span class='ocrx_word' id='word_1_53' title='bbox 522 1073 585 1152; x_wconf 88' lang='lat' dir='ltr'>ita,</span> <span class='ocrx_word' id='word_1_54' title='bbox 607 1074 688 1154; x_wconf 82' lang='lat' dir='ltr'>qood</span> <span class='ocrx_word' id='word_1_55' title='bbox 708 1074 815 1138; x_wconf 73' lang='lat' dir='ltr'>tanna</span> <span class='ocrx_word' id='word_1_56' title='bbox 834 1075 929 1137; x_wconf 91' lang='lat' dir='ltr'>monti</span> <span class='ocrx_word' id='word_1_57' title='bbox 950 1073 1112 1147; x_wconf 79' lang='lat' dir='ltr'><strong>assideret,</strong></span> <span class='ocrx_word' id='word_1_58' title='bbox 1134 1073 1181 1134; x_wconf 79' lang='lat' dir='ltr'>cli-</span> 
     </span>
     <span class='ocr_line' id='line_1_9' title="bbox 90 1151 1183 1240; baseline -0.001 -21"><span class='ocrx_word' id='word_1_59' title='bbox 90 1164 154 1221; x_wconf 84' lang='lat' dir='ltr'>eta.</span> <span class='ocrx_word' id='word_1_60' title='bbox 196 1159 268 1240; x_wconf 85' lang='lat' dir='ltr'>quin</span> <span class='ocrx_word' id='word_1_61' title='bbox 289 1165 320 1219; x_wconf 92' lang='lat' dir='ltr'>et</span> <span class='ocrx_word' id='word_1_62' title='bbox 340 1151 474 1230; x_wconf 76' lang='grc' dir='ltr'><strong><em>Λάτμος</em></strong></span> <span class='ocrx_word' id='word_1_63' title='bbox 494 1157 564 1220; x_wconf 79' lang='lat' dir='ltr'>oriri</span> <span class='ocrx_word' id='word_1_64' title='bbox 594 1174 702 1219; x_wconf 89' lang='lat' dir='ltr'>nomen</span> <span class='ocrx_word' id='word_1_65' title='bbox 722 1159 790 1234; x_wconf 84' lang='lat' dir='ltr'>fnit,</span> <span class='ocrx_word' id='word_1_66' title='bbox 815 1159 858 1220; x_wconf 89' lang='lat' dir='ltr'>uti</span> <span class='ocrx_word' id='word_1_67' title='bbox 875 1157 990 1220; x_wconf 87' lang='lat' dir='ltr'>Strabo</span> <span class='ocrx_word' id='word_1_68' title='bbox 1014 1160 1054 1218; x_wconf 98' lang='grc'>14</span> <span class='ocrx_word' id='word_1_69' title='bbox 1074 1174 1105 1236; x_wconf 91' lang='lat' dir='ltr'>p.</span> <span class='ocrx_word' id='word_1_70' title='bbox 1117 1157 1183 1218; x_wconf 78' lang='grc'>665</span> 
     </span>
     <span class='ocr_line' id='line_1_10' title="bbox 90 1239 1179 1323; baseline -0.002 -22"><span class='ocrx_word' id='word_1_71' title='bbox 90 1242 292 1322; x_wconf 77' lang='lat' dir='ltr'>etApollonii</span> <span class='ocrx_word' id='word_1_72' title='bbox 309 1239 490 1302; x_wconf 84' lang='lat' dir='ltr'>scholiastes</span> <span class='ocrx_word' id='word_1_73' title='bbox 511 1242 531 1301; x_wconf 93' lang='grc'><strong>4</strong></span> <span class='ocrx_word' id='word_1_74' title='bbox 549 1241 601 1300; x_wconf 64' lang='lat' dir='ltr'>et.</span> <span class='ocrx_word' id='word_1_75' title='bbox 643 1249 833 1320; x_wconf 80' lang='lat' dir='ltr'>monuerunt,</span> <span class='ocrx_word' id='word_1_76' title='bbox 853 1258 912 1323; x_wconf 82' lang='lat' dir='ltr'>quo</span> <span class='ocrx_word' id='word_1_77' title='bbox 934 1240 1066 1320; x_wconf 82' lang='lat' dir='ltr'>insignis</span> <span class='ocrx_word' id='word_1_78' title='bbox 1086 1241 1179 1300; x_wconf 88' lang='lat' dir='ltr'>etiam</span> 
     </span>
     <span class='ocr_line' id='line_1_11' title="bbox 88 1321 1181 1404; baseline 0 -22"><span class='ocrx_word' id='word_1_79' title='bbox 88 1332 140 1386; x_wconf 82' lang='lat' dir='ltr'>est</span> <span class='ocrx_word' id='word_1_80' title='bbox 163 1325 195 1386; x_wconf 91' lang='lat' dir='ltr'>in</span> <span class='ocrx_word' id='word_1_81' title='bbox 215 1325 361 1401; x_wconf 82' lang='lat' dir='ltr'>Polyaeni</span> <span class='ocrx_word' id='word_1_82' title='bbox 382 1321 524 1404; x_wconf 77' lang='lat' dir='ltr'>Stralag.</span> <span class='ocrx_word' id='word_1_83' title='bbox 545 1327 567 1384; x_wconf 74' lang='grc'>7</span> <span class='ocrx_word' id='word_1_84' title='bbox 587 1326 630 1384; x_wconf 75' lang='grc'>26</span> <span class='ocrx_word' id='word_1_85' title='bbox 650 1323 836 1387; x_wconf 78' lang='lat' dir='ltr'>etCialreel.</span> <span class='ocrx_word' id='word_1_86' title='bbox 861 1324 971 1386; x_wconf 88' lang='lat' dir='ltr'>concil.</span> <span class='ocrx_word' id='word_1_87' title='bbox 993 1343 1022 1404; x_wconf 93' lang='lat' dir='ltr'>p.</span> <span class='ocrx_word' id='word_1_88' title='bbox 1035 1326 1107 1396; x_wconf 77' lang='lat'>581,</span> <span class='ocrx_word' id='word_1_89' title='bbox 1129 1322 1181 1384; x_wconf 86' lang='lat' dir='ltr'>nbi</span> 
     </span>
     <span class='ocr_line' id='line_1_12' title="bbox 90 1398 1181 1490; baseline -0.005 -22"><span class='ocrx_word' id='word_1_90' title='bbox 90 1407 257 1483; x_wconf 80' lang='lat' dir='ltr'>Dionysius</span> <span class='ocrx_word' id='word_1_91' title='bbox 289 1398 429 1483; x_wconf 76' lang='lat' dir='ltr'>Aa&#39;yproo</span> <span class='ocrx_word' id='word_1_92' title='bbox 451 1403 597 1482; x_wconf 84' lang='grc' dir='ltr'><strong><em>Καρίας,</em></strong></span> <span class='ocrx_word' id='word_1_93' title='bbox 616 1424 675 1486; x_wconf 89' lang='lat' dir='ltr'>pro</span> <span class='ocrx_word' id='word_1_94' title='bbox 698 1401 853 1485; x_wconf 77' lang='grc' dir='ltr'><strong><em>Λάτμον),</em></strong></span> <span class='ocrx_word' id='word_1_95' title='bbox 885 1406 937 1490; x_wconf 82' lang='lat' dir='ltr'>qrri</span> <span class='ocrx_word' id='word_1_96' title='bbox 957 1426 988 1488; x_wconf 89' lang='lat' dir='ltr'>p.</span> <span class='ocrx_word' id='word_1_97' title='bbox 1002 1411 1065 1468; x_wconf 79' lang='grc'>667</span> <span class='ocrx_word' id='word_1_98' title='bbox 1080 1402 1181 1482; x_wconf 85' lang='grc' dir='ltr'><strong><em>Ἡρα·</em></strong></span> 
     </span>
     <span class='ocr_line' id='line_1_13' title="bbox 88 1482 1180 1569; baseline 0.003 -23"><span class='ocrx_word' id='word_1_99' title='bbox 88 1488 197 1559; x_wconf 86' lang='grc' dir='ltr'><strong><em>κλείας</em></strong></span> <span class='ocrx_word' id='word_1_100' title='bbox 214 1482 373 1563; x_wconf 83' lang='grc' dir='ltr'><strong><em>Ἀτοὶλμοο</em></strong></span> <span class='ocrx_word' id='word_1_101' title='bbox 393 1490 543 1568; x_wconf 76' lang='lat' dir='ltr'>graviore</span> <span class='ocrx_word' id='word_1_102' title='bbox 563 1495 688 1569; x_wconf 87' lang='lat' dir='ltr'>peccato</span> <span class='ocrx_word' id='word_1_103' title='bbox 707 1489 827 1552; x_wconf 80' lang='lat' dir='ltr'>licium·</span> <span class='ocrx_word' id='word_1_104' title='bbox 851 1489 882 1552; x_wconf 91' lang='lat' dir='ltr'>in</span> <span class='ocrx_word' id='word_1_105' title='bbox 891 1489 1026 1552; x_wconf 88' lang='lat' dir='ltr'>Nicaeno</span> <span class='ocrx_word' id='word_1_106' title='bbox 1047 1489 1180 1550; x_wconf 81' lang='lat' dir='ltr'>secondo</span> 
     </span>
     <span class='ocr_line' id='line_1_14' title="bbox 78 1565 1181 1654; baseline 0.001 -23"><span class='ocrx_word' id='word_1_107' title='bbox 78 1565 260 1648; x_wconf 83' lang='grc' dir='ltr'><strong><em>Ἦροὶκλεια</em></strong></span> <span class='ocrx_word' id='word_1_108' title='bbox 278 1570 334 1631; x_wconf 78' lang='grc' dir='ltr'><strong><em>τοῦ</em></strong></span> <span class='ocrx_word' id='word_1_109' title='bbox 356 1569 512 1644; x_wconf 56' lang='lat' dir='ltr'>Aaronom</span> <span class='ocrx_word' id='word_1_110' title='bbox 539 1591 569 1653; x_wconf 89' lang='lat' dir='ltr'>p.</span> <span class='ocrx_word' id='word_1_111' title='bbox 583 1575 657 1634; x_wconf 75' lang='lat'>356·</span> <span class='ocrx_word' id='word_1_112' title='bbox 705 1574 813 1636; x_wconf 79' lang='lat' dir='ltr'>melios</span> <span class='ocrx_word' id='word_1_113' title='bbox 832 1571 1065 1654; x_wconf 74' lang='lat' dir='ltr'>constantinop.</span> <span class='ocrx_word' id='word_1_114' title='bbox 1089 1572 1181 1634; x_wconf 80' lang='lat' dir='ltr'>terlio</span> 
     </span>
     <span class='ocr_line' id='line_1_15' title="bbox 85 1647 889 1736; baseline 0.002 -24"><span class='ocrx_word' id='word_1_115' title='bbox 85 1675 120 1736; x_wconf 90' lang='lat' dir='ltr'>p.</span> <span class='ocrx_word' id='word_1_116' title='bbox 131 1662 195 1718; x_wconf 68' lang='lat' dir='ltr'>m</span> <span class='ocrx_word' id='word_1_117' title='bbox 213 1647 387 1734; x_wconf 75' lang='grc' dir='ltr'><strong><em>Ἡράκλεια</em></strong></span> <span class='ocrx_word' id='word_1_118' title='bbox 411 1650 549 1729; x_wconf 80' lang='grc' dir='ltr'><strong><em>Λάτμοο</em></strong></span> <span class='ocrx_word' id='word_1_119' title='bbox 573 1652 729 1732; x_wconf 80' lang='grc' dir='ltr'><strong><em>ἐπαρχίας</em></strong></span> <span class='ocrx_word' id='word_1_120' title='bbox 751 1653 889 1736; x_wconf 78' lang='grc' dir='ltr'><strong><em>Καρίας.</em></strong></span> 
     </span>
    </p>

    <p class='ocr_par' dir='ltr' id='par_1_5' title="bbox 81 1742 1182 2250">
     <span class='ocr_line' id='line_1_16' title="bbox 173 1742 1182 1836; baseline -0.007 -17"><span class='ocrx_word' id='word_1_121' title='bbox 173 1751 255 1819; x_wconf 70' lang='lat' dir='ltr'>rosa.</span> <span class='ocrx_word' id='word_1_122' title='bbox 295 1742 469 1832; x_wconf 79' lang='grc' dir='ltr'><strong><em>ἈμονδὸςΙ</em></strong></span> <span class='ocrx_word' id='word_1_123' title='bbox 501 1747 650 1830; x_wconf 65' lang='lat' dir='ltr'>Minoae,</span> <span class='ocrx_word' id='word_1_124' title='bbox 677 1755 718 1816; x_wconf 85' lang='lat' dir='ltr'>le</span> <span class='ocrx_word' id='word_1_125' title='bbox 738 1773 800 1836; x_wconf 84' lang='lat' dir='ltr'>qna</span> <span class='ocrx_word' id='word_1_126' title='bbox 820 1755 935 1820; x_wconf 72' lang='lat' dir='ltr'>§nabo</span> <span class='ocrx_word' id='word_1_127' title='bbox 960 1759 1001 1817; x_wconf 90' lang='grc'>14</span> <span class='ocrx_word' id='word_1_128' title='bbox 1020 1775 1050 1836; x_wconf 88' lang='lat' dir='ltr'>p.</span> <span class='ocrx_word' id='word_1_129' title='bbox 1066 1757 1129 1816; x_wconf 80' lang='grc'>658</span> <span class='ocrx_word' id='word_1_130' title='bbox 1150 1757 1182 1813; x_wconf 87' lang='lat' dir='ltr'>et</span> 
     </span>
     <span class='ocr_line' id='line_1_17' title="bbox 84 1827 1181 1920; baseline 0.005 -19"><span class='ocrx_word' id='word_1_131' title='bbox 84 1838 258 1901; x_wconf 81' lang='lat' dir='ltr'>Pausanias</span> <span class='ocrx_word' id='word_1_132' title='bbox 277 1841 300 1898; x_wconf 73' lang='lat'><strong>2</strong></span> <span class='ocrx_word' id='word_1_133' title='bbox 319 1842 373 1899; x_wconf 80' lang='grc'>36.</span> <span class='ocrx_word' id='word_1_134' title='bbox 424 1854 587 1918; x_wconf 77' lang='lat' dir='ltr'>perperam</span> <span class='ocrx_word' id='word_1_135' title='bbox 614 1838 750 1901; x_wconf 86' lang='lat' dir='ltr'>Nicaeno</span> <span class='ocrx_word' id='word_1_136' title='bbox 786 1839 919 1900; x_wconf 75' lang='lat' dir='ltr'>semmclo</span> <span class='ocrx_word' id='word_1_137' title='bbox 947 1857 978 1920; x_wconf 89' lang='lat' dir='ltr'>p.</span> <span class='ocrx_word' id='word_1_138' title='bbox 999 1841 1064 1900; x_wconf 78' lang='grc'>656</span> <span class='ocrx_word' id='word_1_139' title='bbox 1091 1827 1181 1905; x_wconf 78' lang='grc' dir='ltr'><strong><em>πόλις</em></strong></span> 
     </span>
     <span class='ocr_line' id='line_1_18' title="bbox 82 1917 1181 1996; baseline -0.003 -15"><span class='ocrx_word' id='word_1_140' title='bbox 82 1917 237 1996; x_wconf 64' lang='lat' dir='ltr'>Manen.</span> <span class='ocrx_word' id='word_1_141' title='bbox 289 1919 526 1982; x_wconf 77' lang='lat' dir='ltr'>Halicarnassus</span> <span class='ocrx_word' id='word_1_142' title='bbox 559 1925 591 1982; x_wconf 87' lang='lat' dir='ltr'>et</span> <span class='ocrx_word' id='word_1_143' title='bbox 616 1919 731 1984; x_wconf 81' lang='lat' dir='ltr'>Cnidus</span> <span class='ocrx_word' id='word_1_144' title='bbox 760 1921 942 1985; x_wconf 75' lang='lat' dir='ltr'>nobilitatae</span> <span class='ocrx_word' id='word_1_145' title='bbox 964 1927 1036 1984; x_wconf 84' lang='lat' dir='ltr'>sunt</span> <span class='ocrx_word' id='word_1_146' title='bbox 1056 1925 1087 1982; x_wconf 89' lang='lat' dir='ltr'>et</span> <span class='ocrx_word' id='word_1_147' title='bbox 1107 1917 1181 1980; x_wconf 82' lang='lat' dir='ltr'>strio</span> 
     </span>
     <span class='ocr_line' id='line_1_19' title="bbox 81 2001 1180 2168; baseline 0 -20"><span class='ocrx_word' id='word_1_148' title='bbox 81 2005 185 2148; x_wconf 69' lang='lat' dir='ltr'>&#39;tlt</span> <span class='ocrx_word' id='word_1_149' title='bbox 197 2003 476 2167; x_wconf 54' lang='lat' dir='ltr'>extistit</span> <span class='ocrx_word' id='word_1_150' title='bbox 487 2001 1180 2168; x_wconf 55' lang='lat' dir='ltr'>tllizllltllttltltllt</span> 
     </span>
     <span class='ocr_line' id='line_1_20' title="bbox 82 2171 302 2250; baseline -0.005 -18"><span class='ocrx_word' id='word_1_151' title='bbox 82 2171 187 2232; x_wconf 81' lang='lat' dir='ltr'>conlo</span> <span class='ocrx_word' id='word_1_152' title='bbox 205 2189 238 2250; x_wconf 88' lang='lat' dir='ltr'>p.</span> <span class='ocrx_word' id='word_1_153' title='bbox 251 2171 302 2231; x_wconf 71' lang='lat'>52.</span> 
     </span>
    </p>

    <p class='ocr_par' dir='ltr' id='par_1_6' title="bbox 49 2265 1181 3427">
     <span class='ocr_line' id='line_1_21' title="bbox 171 2265 1181 2351; baseline -0.004 -19"><span class='ocrx_word' id='word_1_154' title='bbox 171 2265 253 2332; x_wconf 71' lang='lat' dir='ltr'>lora</span> <span class='ocrx_word' id='word_1_155' title='bbox 274 2273 306 2332; x_wconf 77' lang='grc'>3.</span> <span class='ocrx_word' id='word_1_156' title='bbox 349 2266 513 2347; x_wconf 63' lang='lat' dir='ltr'>Kisamos]</span> <span class='ocrx_word' id='word_1_157' title='bbox 534 2286 633 2351; x_wconf 81' lang='lat' dir='ltr'>neque</span> <span class='ocrx_word' id='word_1_158' title='bbox 654 2270 838 2333; x_wconf 80' lang='lat' dir='ltr'>maritimam</span> <span class='ocrx_word' id='word_1_159' title='bbox 859 2269 1081 2344; x_wconf 67' lang='lat' dir='ltr'>hanenstein,</span> <span class='ocrx_word' id='word_1_160' title='bbox 1101 2267 1181 2330; x_wconf 76' lang='lat' dir='ltr'>uncle</span> 
     </span>
     <span class='ocr_line' id='line_1_22' title="bbox 79 2351 1181 2435; baseline -0.003 -21"><span class='ocrx_word' id='word_1_161' title='bbox 79 2351 167 2414; x_wconf 82' lang='lat' dir='ltr'>sinui</span> <span class='ocrx_word' id='word_1_162' title='bbox 195 2370 305 2425; x_wconf 86' lang='lat' dir='ltr'>nomen</span> <span class='ocrx_word' id='word_1_163' title='bbox 331 2351 469 2432; x_wconf 80' lang='lat' dir='ltr'>venerit,</span> <span class='ocrx_word' id='word_1_164' title='bbox 490 2351 605 2416; x_wconf 82' lang='lat' dir='ltr'>Strabo</span> <span class='ocrx_word' id='word_1_165' title='bbox 627 2358 669 2419; x_wconf 91' lang='grc'>14</span> <span class='ocrx_word' id='word_1_166' title='bbox 697 2357 805 2435; x_wconf 79' lang='grc' dir='ltr'>ρ.656</span> <span class='ocrx_word' id='word_1_167' title='bbox 834 2353 1004 2435; x_wconf 85' lang='lat' dir='ltr'>praeteriit</span> <span class='ocrx_word' id='word_1_168' title='bbox 1046 2351 1181 2414; x_wconf 83' lang='lat' dir='ltr'>meminit</span> 
     </span>
     <span class='ocr_line' id='line_1_23' title="bbox 79 2431 1181 2513; baseline -0.002 -17"><span class='ocrx_word' id='word_1_169' title='bbox 79 2437 180 2497; x_wconf 80' lang='lat' dir='ltr'>ctiam</span> <span class='ocrx_word' id='word_1_170' title='bbox 198 2436 336 2497; x_wconf 79' lang='lat' dir='ltr'>Galenus</span> <span class='ocrx_word' id='word_1_171' title='bbox 357 2431 433 2510; x_wconf 76' lang='grc' dir='ltr'><strong><em>περὶ</em></strong></span> <span class='ocrx_word' id='word_1_172' title='bbox 453 2452 546 2513; x_wconf 78' lang='grc' dir='ltr'><strong><em>τροφ.</em></strong></span> <span class='ocrx_word' id='word_1_173' title='bbox 564 2433 681 2512; x_wconf 87' lang='grc' dir='ltr'><strong><em>δοναμ.</em></strong></span> <span class='ocrx_word' id='word_1_174' title='bbox 721 2441 818 2499; x_wconf 53' lang='grc'>617.</span> <span class='ocrx_word' id='word_1_175' title='bbox 861 2435 1046 2512; x_wconf 79' lang='lat' dir='ltr'>llesyclrins:</span> <span class='ocrx_word' id='word_1_176' title='bbox 1067 2431 1181 2510; x_wconf 78' lang='grc' dir='ltr'><strong><em>Κέρα-</em></strong></span> 
     </span>
     <span class='ocr_line' id='line_1_24' title="bbox 76 2457 1177 2596; baseline 0.001 -23"><span class='ocrx_word' id='word_1_177' title='bbox 76 2535 144 2593; x_wconf 85' lang='grc' dir='ltr'><strong><em>μος</em></strong></span> <span class='ocrx_word' id='word_1_178' title='bbox 163 2516 257 2587; x_wconf 72' lang='grc' dir='ltr'><strong><em>κίδος</em></strong></span> <span class='ocrx_word' id='word_1_179' title='bbox 279 2511 333 2575; x_wconf 82' lang='grc' dir='ltr'>καί</span> <span class='ocrx_word' id='word_1_180' title='bbox 351 2512 416 2572; x_wconf 82' lang='grc' dir='ltr'>πᾶν</span> <span class='ocrx_word' id='word_1_181' title='bbox 436 2503 601 2594; x_wconf 80' lang='grc' dir='ltr'><strong><em>ὄστρακον,</em></strong></span> <span class='ocrx_word' id='word_1_182' title='bbox 622 2515 677 2576; x_wconf 80' lang='grc' dir='ltr'>καί</span> <span class='ocrx_word' id='word_1_183' title='bbox 692 2457 918 2596; x_wconf 72' lang='grc' dir='ltr'><strong><em>δεσμωτήριον,</em></strong></span> <span class='ocrx_word' id='word_1_184' title='bbox 939 2515 994 2577; x_wconf 79' lang='grc' dir='ltr'>καί</span> <span class='ocrx_word' id='word_1_185' title='bbox 1011 2511 1177 2593; x_wconf 78' lang='grc' dir='ltr'><strong><em>ὀχύρωμα,</em></strong></span> 
     </span>
     <span class='ocr_line' id='line_1_25' title="bbox 79 2592 1176 2676; baseline 0.003 -19"><span class='ocrx_word' id='word_1_186' title='bbox 79 2599 142 2658; x_wconf 81' lang='grc' dir='ltr'><strong><em>καί</em></strong></span> <span class='ocrx_word' id='word_1_187' title='bbox 160 2596 249 2668; x_wconf 81' lang='grc' dir='ltr'><strong><em>πόλις</em></strong></span> <span class='ocrx_word' id='word_1_188' title='bbox 272 2598 420 2673; x_wconf 86' lang='grc' dir='ltr'><strong><em>Καρίας·</em></strong></span> <span class='ocrx_word' id='word_1_189' title='bbox 460 2593 481 2674; x_wconf 85' lang='grc' dir='ltr'><em>ἦ</em></span> <span class='ocrx_word' id='word_1_190' title='bbox 504 2592 544 2676; x_wconf 78' lang='grc' dir='ltr'><em>δὴ</em></span> <span class='ocrx_word' id='word_1_191' title='bbox 568 2595 605 2656; x_wconf 79' lang='grc' dir='ltr'>δὲ</span> <span class='ocrx_word' id='word_1_192' title='bbox 624 2597 680 2659; x_wconf 72' lang='grc' dir='ltr'>ἐπὶ</span> <span class='ocrx_word' id='word_1_193' title='bbox 698 2595 918 2676; x_wconf 75' lang='grc' dir='ltr'><strong><em>ὀχυρώματος.</em></strong></span> <span class='ocrx_word' id='word_1_194' title='bbox 962 2599 1008 2662; x_wconf 80' lang='lat' dir='ltr'>sic</span> <span class='ocrx_word' id='word_1_195' title='bbox 1025 2597 1176 2660; x_wconf 64' lang='lat' dir='ltr'>forioul-</span> 
     </span>
     <span class='ocr_line' id='line_1_26' title="bbox 76 2680 1176 2764; baseline -0.003 -19"><span class='ocrx_word' id='word_1_196' title='bbox 76 2684 159 2745; x_wconf 81' lang='lat' dir='ltr'>tima</span> <span class='ocrx_word' id='word_1_197' title='bbox 178 2701 217 2746; x_wconf 88' lang='lat' dir='ltr'>ea</span> <span class='ocrx_word' id='word_1_198' title='bbox 233 2683 368 2764; x_wconf 74' lang='lat' dir='ltr'>legenda</span> <span class='ocrx_word' id='word_1_199' title='bbox 396 2685 476 2742; x_wconf 83' lang='lat' dir='ltr'>snat.</span> <span class='ocrx_word' id='word_1_200' title='bbox 519 2687 622 2762; x_wconf 80' lang='lat' dir='ltr'>potem</span> <span class='ocrx_word' id='word_1_201' title='bbox 648 2681 882 2764; x_wconf 76' lang='lat' dir='ltr'>grammaticam</span> <span class='ocrx_word' id='word_1_202' title='bbox 911 2682 968 2744; x_wconf 92' lang='lat' dir='ltr'>illa</span> <span class='ocrx_word' id='word_1_203' title='bbox 990 2699 1032 2744; x_wconf 84' lang='lat' dir='ltr'>ex</span> <span class='ocrx_word' id='word_1_204' title='bbox 1053 2680 1176 2743; x_wconf 89' lang='lat' dir='ltr'>critico-</span> 
     </span>
     <span class='ocr_line' id='line_1_27' title="bbox 74 2763 1175 2830; baseline -0.004 -2"><span class='ocrx_word' id='word_1_205' title='bbox 74 2784 153 2828; x_wconf 83' lang='lat' dir='ltr'>rum</span> <span class='ocrx_word' id='word_1_206' title='bbox 179 2766 304 2829; x_wconf 77' lang='lat' dir='ltr'>scholiis</span> <span class='ocrx_word' id='word_1_207' title='bbox 332 2765 365 2829; x_wconf 88' lang='lat' dir='ltr'>ln</span> <span class='ocrx_word' id='word_1_208' title='bbox 386 2763 549 2826; x_wconf 87' lang='lat' dir='ltr'>llomerom</span> <span class='ocrx_word' id='word_1_209' title='bbox 568 2785 637 2828; x_wconf 86' lang='lat' dir='ltr'>esse</span> <span class='ocrx_word' id='word_1_210' title='bbox 657 2772 847 2830; x_wconf 74' lang='lat' dir='ltr'>mntnatnme</span> <span class='ocrx_word' id='word_1_211' title='bbox 876 2766 962 2830; x_wconf 92' lang='lat' dir='ltr'>soliti</span> <span class='ocrx_word' id='word_1_212' title='bbox 984 2765 1064 2828; x_wconf 85' lang='lat' dir='ltr'>enim</span> <span class='ocrx_word' id='word_1_213' title='bbox 1087 2765 1175 2826; x_wconf 85' lang='lat' dir='ltr'>luere</span> 
     </span>
     <span class='ocr_line' id='line_1_28' title="bbox 75 2842 1175 2930; baseline -0.004 -18"><span class='ocrx_word' id='word_1_214' title='bbox 75 2848 172 2912; x_wconf 84' lang='lat' dir='ltr'>lliel.</span> <span class='ocrx_word' id='word_1_215' title='bbox 192 2867 207 2906; x_wconf 83' lang='grc' dir='ltr'><strong><em>τ</em></strong></span> <span class='ocrx_word' id='word_1_216' title='bbox 228 2855 292 2914; x_wconf 75' lang='grc'>387</span> <span class='ocrx_word' id='word_1_217' title='bbox 313 2847 438 2930; x_wconf 79' lang='grc' dir='ltr'><strong><em>χαλκέῳ</em></strong></span> <span class='ocrx_word' id='word_1_218' title='bbox 458 2843 490 2904; x_wconf 92' lang='grc' dir='ltr'>δ’</span> <span class='ocrx_word' id='word_1_219' title='bbox 511 2847 547 2907; x_wconf 81' lang='grc' dir='ltr'>ἐν</span> <span class='ocrx_word' id='word_1_220' title='bbox 565 2842 705 2926; x_wconf 79' lang='grc' dir='ltr'><strong><em>κεράμου</em></strong></span> <span class='ocrx_word' id='word_1_221' title='bbox 733 2847 841 2908; x_wconf 84' lang='grc' dir='ltr'><strong><em>δέδετο</em></strong></span> <span class='ocrx_word' id='word_1_222' title='bbox 865 2848 997 2911; x_wconf 88' lang='lat' dir='ltr'>liversis</span> <span class='ocrx_word' id='word_1_223' title='bbox 1019 2847 1175 2928; x_wconf 85' lang='lat' dir='ltr'>explicare</span> 
     </span>
     <span class='ocr_line' id='line_1_29' title="bbox 49 2931 1173 3016; baseline -0.003 -23"><span class='ocrx_word' id='word_1_224' title='bbox 49 2931 180 2996; x_wconf 30' lang='lat' dir='ltr'>‘molis</span> <span class='ocrx_word' id='word_1_225' title='bbox 200 2940 293 3016; x_wconf 82' lang='lat' dir='ltr'>atpne</span> <span class='ocrx_word' id='word_1_226' title='bbox 307 2938 362 2994; x_wconf 88' lang='lat' dir='ltr'>ant</span> <span class='ocrx_word' id='word_1_227' title='bbox 380 2931 421 2992; x_wconf 78' lang='lat' dir='ltr'>cle</span> <span class='ocrx_word' id='word_1_228' title='bbox 439 2949 564 2993; x_wconf 78' lang='lat' dir='ltr'>carcere</span> <span class='ocrx_word' id='word_1_229' title='bbox 584 2938 638 2994; x_wconf 85' lang='lat' dir='ltr'>ant</span> <span class='ocrx_word' id='word_1_230' title='bbox 659 2933 698 2994; x_wconf 76' lang='lat' dir='ltr'>lle</span> <span class='ocrx_word' id='word_1_231' title='bbox 718 2932 831 2996; x_wconf 81' lang='lat' dir='ltr'>Cariae</span> <span class='ocrx_word' id='word_1_232' title='bbox 847 2932 922 2995; x_wconf 81' lang='lat' dir='ltr'>urbe</span> <span class='ocrx_word' id='word_1_233' title='bbox 942 2931 1082 3008; x_wconf 74' lang='lat' dir='ltr'>ceramo,</span> <span class='ocrx_word' id='word_1_234' title='bbox 1104 2931 1173 2991; x_wconf 88' lang='lat' dir='ltr'>loco</span> 
     </span>
     <span class='ocr_line' id='line_1_30' title="bbox 72 3014 1172 3099; baseline -0.005 -20"><span class='ocrx_word' id='word_1_235' title='bbox 72 3016 196 3079; x_wconf 82' lang='lat' dir='ltr'>monito</span> <span class='ocrx_word' id='word_1_236' title='bbox 215 3019 335 3099; x_wconf 85' lang='lat' dir='ltr'>posita,</span> <span class='ocrx_word' id='word_1_237' title='bbox 357 3014 505 3094; x_wconf 83' lang='lat' dir='ltr'>accipere.</span> <span class='ocrx_word' id='word_1_238' title='bbox 563 3015 742 3078; x_wconf 77' lang='lat' dir='ltr'>linetatlios</span> <span class='ocrx_word' id='word_1_239' title='bbox 773 3015 806 3077; x_wconf 93' lang='lat' dir='ltr'>in</span> <span class='ocrx_word' id='word_1_240' title='bbox 835 3033 902 3078; x_wconf 85' lang='lat' dir='ltr'>eam</span> <span class='ocrx_word' id='word_1_241' title='bbox 916 3021 1027 3097; x_wconf 75' lang='lat' dir='ltr'>poetae</span> <span class='ocrx_word' id='word_1_242' title='bbox 1050 3031 1172 3076; x_wconf 84' lang='lat' dir='ltr'>versam</span> 
     </span>
     <span class='ocr_line' id='line_1_31' title="bbox 74 3088 1173 3192; baseline -0.005 -33"><span class='ocrx_word' id='word_1_243' title='bbox 74 3121 114 3180; x_wconf 83' lang='lat' dir='ltr'>p.</span> <span class='ocrx_word' id='word_1_244' title='bbox 135 3102 212 3163; x_wconf 75' lang='lat'>425:</span> <span class='ocrx_word' id='word_1_245' title='bbox 238 3088 329 3158; x_wconf 73' lang='grc' dir='ltr'><strong><em>ἄλλοι</em></strong></span> <span class='ocrx_word' id='word_1_246' title='bbox 361 3095 397 3157; x_wconf 78' lang='grc' dir='ltr'>δέ</span> <span class='ocrx_word' id='word_1_247' title='bbox 417 3116 500 3174; x_wconf 83' lang='grc' dir='ltr'><strong><em>φασι</em></strong></span> <span class='ocrx_word' id='word_1_248' title='bbox 532 3096 735 3182; x_wconf 76' lang='grc' dir='ltr'><strong><em>δεσμωτηρίῳ</em></strong></span> <span class='ocrx_word' id='word_1_249' title='bbox 763 3095 903 3178; x_wconf 75' lang='grc' dir='ltr'><strong><em>στερρῷ,</em></strong></span> <span class='ocrx_word' id='word_1_250' title='bbox 931 3095 1070 3192; x_wconf 60' lang='grc' dir='ltr'><strong><em>λέγοντες</em></strong></span> <span class='ocrx_word' id='word_1_251' title='bbox 1101 3093 1173 3154; x_wconf 83' lang='lat' dir='ltr'>Ko-</span> 
     </span>
     <span class='ocr_line' id='line_1_32' title="bbox 73 3175 1172 3261; baseline -0.006 -20"><span class='ocrx_word' id='word_1_252' title='bbox 73 3178 194 3258; x_wconf 82' lang='grc' dir='ltr'><strong><em>πρίους</em></strong></span> <span class='ocrx_word' id='word_1_253' title='bbox 209 3183 346 3261; x_wconf 76' lang='grc' dir='ltr'><strong><em>κέραμον</em></strong></span> <span class='ocrx_word' id='word_1_254' title='bbox 370 3182 477 3238; x_wconf 79' lang='grc' dir='ltr'><strong><em>καλεῖν</em></strong></span> <span class='ocrx_word' id='word_1_255' title='bbox 495 3175 530 3242; x_wconf 78' lang='lat' dir='ltr'>nl</span> <span class='ocrx_word' id='word_1_256' title='bbox 553 3177 778 3260; x_wconf 73' lang='grc' dir='ltr'><strong><em>δεσμωτήριον.</em></strong></span> <span class='ocrx_word' id='word_1_257' title='bbox 823 3175 853 3241; x_wconf 85' lang='grc' dir='ltr'><strong><em>οἱ</em></strong></span> <span class='ocrx_word' id='word_1_258' title='bbox 874 3179 909 3240; x_wconf 86' lang='grc' dir='ltr'>δὲ</span> <span class='ocrx_word' id='word_1_259' title='bbox 933 3181 1023 3240; x_wconf 86' lang='grc' dir='ltr'><strong><em>πολιν</em></strong></span> <span class='ocrx_word' id='word_1_260' title='bbox 1044 3176 1172 3256; x_wconf 77' lang='grc' dir='ltr'><strong><em>Καρίας</em></strong></span> 
     </span>
     <span class='ocr_line' id='line_1_33' title="bbox 72 3255 1171 3346; baseline 0 -26"><span class='ocrx_word' id='word_1_261' title='bbox 72 3259 165 3346; x_wconf 78' lang='grc' dir='ltr'><strong><em>φασί</em></strong></span> <span class='ocrx_word' id='word_1_262' title='bbox 184 3259 239 3324; x_wconf 79' lang='grc' dir='ltr'>τὸν</span> <span class='ocrx_word' id='word_1_263' title='bbox 260 3263 416 3343; x_wconf 71' lang='grc' dir='ltr'><strong><em>κέραμον,</em></strong></span> <span class='ocrx_word' id='word_1_264' title='bbox 437 3256 572 3339; x_wconf 80' lang='grc' dir='ltr'><strong><em>χάλκεον</em></strong></span> <span class='ocrx_word' id='word_1_265' title='bbox 591 3255 657 3326; x_wconf 78' lang='grc' dir='ltr'><strong><em>οἷον</em></strong></span> <span class='ocrx_word' id='word_1_266' title='bbox 680 3261 837 3325; x_wconf 75' lang='grc' dir='ltr'><strong><em>δοκοῦσαν</em></strong></span> <span class='ocrx_word' id='word_1_267' title='bbox 856 3261 913 3323; x_wconf 75' lang='grc' dir='ltr'><strong><em>κατ’</em></strong></span> <span class='ocrx_word' id='word_1_268' title='bbox 941 3261 1097 3343; x_wconf 78' lang='grc' dir='ltr'><strong><em>τροπικῶς</em></strong></span> <span class='ocrx_word' id='word_1_269' title='bbox 1119 3262 1171 3320; x_wconf 82' lang='grc' dir='ltr'>λσ-</span> 
     </span>
     <span class='ocr_line' id='line_1_34' title="bbox 69 3342 803 3427; baseline 0.004 -21"><span class='ocrx_word' id='word_1_270' title='bbox 69 3348 214 3425; x_wconf 74' lang='grc' dir='ltr'><strong><em>χδεῑσαν</em></strong></span> <span class='ocrx_word' id='word_1_271' title='bbox 232 3342 285 3406; x_wconf 85' lang='grc' dir='ltr'><strong><em>διοὶ</em></strong></span> <span class='ocrx_word' id='word_1_272' title='bbox 308 3342 344 3406; x_wconf 81' lang='grc' dir='ltr'>τὸ</span> <span class='ocrx_word' id='word_1_273' title='bbox 361 3344 493 3427; x_wconf 83' lang='grc' dir='ltr'><strong><em>στερρὸν</em></strong></span> <span class='ocrx_word' id='word_1_274' title='bbox 511 3347 571 3408; x_wconf 76' lang='grc' dir='ltr'><strong><em>τοῦ</em></strong></span> <span class='ocrx_word' id='word_1_275' title='bbox 595 3345 803 3426; x_wconf 78' lang='grc' dir='ltr'><strong><em>τειχίσματος.</em></strong></span> 
     </span>
    </p>
   </div>
   <div class='ocr_carea' id='block_1_3' title="bbox 70 3443 1168 4278">
    <p class='ocr_par' dir='ltr' id='par_1_7' title="bbox 70 3443 1168 4278">
     <span class='ocr_line' id='line_1_35' title="bbox 162 3443 1168 3529; baseline -0.004 -19"><span class='ocrx_word' id='word_1_276' title='bbox 162 3443 246 3510; x_wconf 66' lang='lat' dir='ltr'>lton„</span> <span class='ocrx_word' id='word_1_277' title='bbox 288 3443 447 3528; x_wconf 76' lang='grc' dir='ltr'><strong><em>Μύλασα]</em></strong></span> <span class='ocrx_word' id='word_1_278' title='bbox 478 3447 523 3509; x_wconf 85' lang='lat' dir='ltr'>sie</span> <span class='ocrx_word' id='word_1_279' title='bbox 542 3454 583 3509; x_wconf 82' lang='lat' dir='ltr'>et</span> <span class='ocrx_word' id='word_1_280' title='bbox 600 3446 745 3524; x_wconf 79' lang='lat' dir='ltr'>Polybius</span> <span class='ocrx_word' id='word_1_281' title='bbox 775 3446 850 3529; x_wconf 74' lang='lat' dir='ltr'>aeg.</span> <span class='ocrx_word' id='word_1_282' title='bbox 880 3451 924 3510; x_wconf 80' lang='grc'>68</span> <span class='ocrx_word' id='word_1_283' title='bbox 951 3451 982 3508; x_wconf 87' lang='lat' dir='ltr'>et</span> <span class='ocrx_word' id='word_1_284' title='bbox 1003 3443 1168 3508; x_wconf 78' lang='lat' dir='ltr'>Ptolemaei</span> 
     </span>
     <span class='ocr_line' id='line_1_36' title="bbox 75 3520 1167 3603; baseline -0.004 -9"><span class='ocrx_word' id='word_1_285' title='bbox 75 3549 128 3594; x_wconf 86' lang='lat' dir='ltr'>ms</span> <span class='ocrx_word' id='word_1_286' title='bbox 149 3529 275 3594; x_wconf 73' lang='lat' dir='ltr'>coislin.</span> <span class='ocrx_word' id='word_1_287' title='bbox 300 3537 331 3592; x_wconf 90' lang='lat' dir='ltr'>et</span> <span class='ocrx_word' id='word_1_288' title='bbox 351 3529 535 3590; x_wconf 78' lang='grc' dir='ltr'><strong><em>Μυλασέων</em></strong></span> <span class='ocrx_word' id='word_1_289' title='bbox 555 3531 646 3594; x_wconf 86' lang='lat' dir='ltr'>numi.</span> <span class='ocrx_word' id='word_1_290' title='bbox 694 3520 862 3590; x_wconf 78' lang='grc' dir='ltr'><strong><em>Μύλασσα</em></strong></span> <span class='ocrx_word' id='word_1_291' title='bbox 879 3529 1054 3592; x_wconf 82' lang='lat' dir='ltr'>Athenaeus</span> <span class='ocrx_word' id='word_1_292' title='bbox 1073 3533 1095 3588; x_wconf 92' lang='grc'><strong>8</strong></span> <span class='ocrx_word' id='word_1_293' title='bbox 1118 3532 1167 3603; x_wconf 87' lang='grc'>18,</span> 
     </span>
     <span class='ocr_line' id='line_1_37' title="bbox 73 3609 1167 3697; baseline -0.004 -21"><span class='ocrx_word' id='word_1_294' title='bbox 73 3615 139 3676; x_wconf 79' lang='lat' dir='ltr'>llio</span> <span class='ocrx_word' id='word_1_295' title='bbox 162 3617 205 3676; x_wconf 90' lang='grc'>48</span> <span class='ocrx_word' id='word_1_296' title='bbox 222 3617 344 3694; x_wconf 63' lang='lat' dir='ltr'>pm,</span> <span class='ocrx_word' id='word_1_297' title='bbox 366 3619 458 3695; x_wconf 73' lang='lat' dir='ltr'>atque</span> <span class='ocrx_word' id='word_1_298' title='bbox 478 3614 553 3694; x_wconf 85' lang='lat' dir='ltr'>alii,</span> <span class='ocrx_word' id='word_1_299' title='bbox 577 3632 653 3697; x_wconf 81' lang='lat' dir='ltr'>quos</span> <span class='ocrx_word' id='word_1_300' title='bbox 680 3619 775 3675; x_wconf 85' lang='lat' dir='ltr'>testes</span> <span class='ocrx_word' id='word_1_301' title='bbox 795 3613 966 3694; x_wconf 88' lang='lat' dir='ltr'>appellavit</span> <span class='ocrx_word' id='word_1_302' title='bbox 987 3610 1042 3676; x_wconf 83' lang='lat' dir='ltr'>cl.</span> <span class='ocrx_word' id='word_1_303' title='bbox 1063 3609 1167 3673; x_wconf 84' lang='lat' dir='ltr'>Cella-</span> 
     </span>
     <span class='ocr_line' id='line_1_38' title="bbox 73 3695 1166 3779; baseline -0.005 -19"><span class='ocrx_word' id='word_1_304' title='bbox 73 3699 145 3760; x_wconf 85' lang='lat' dir='ltr'>rios</span> <span class='ocrx_word' id='word_1_305' title='bbox 166 3697 205 3760; x_wconf 81' lang='lat' dir='ltr'>(l.</span> <span class='ocrx_word' id='word_1_306' title='bbox 226 3697 263 3758; x_wconf 82' lang='lat' dir='ltr'>A.</span> <span class='ocrx_word' id='word_1_307' title='bbox 291 3703 313 3760; x_wconf 80' lang='lat'><strong>3</strong></span> <span class='ocrx_word' id='word_1_308' title='bbox 332 3703 354 3760; x_wconf 75' lang='grc'><strong>3</strong></span> <span class='ocrx_word' id='word_1_309' title='bbox 374 3716 404 3779; x_wconf 90' lang='lat' dir='ltr'>p.</span> <span class='ocrx_word' id='word_1_310' title='bbox 417 3701 488 3759; x_wconf 87' lang='grc'>164.</span> <span class='ocrx_word' id='word_1_311' title='bbox 537 3704 584 3760; x_wconf 84' lang='lat' dir='ltr'>est</span> <span class='ocrx_word' id='word_1_312' title='bbox 605 3705 635 3760; x_wconf 91' lang='lat' dir='ltr'>et</span> <span class='ocrx_word' id='word_1_313' title='bbox 663 3697 693 3759; x_wconf 86' lang='lat' dir='ltr'>in</span> <span class='ocrx_word' id='word_1_314' title='bbox 715 3697 807 3758; x_wconf 84' lang='lat' dir='ltr'>Thes.</span> <span class='ocrx_word' id='word_1_315' title='bbox 829 3695 1039 3759; x_wconf 75' lang='lat' dir='ltr'>Frilericiano</span> <span class='ocrx_word' id='word_1_316' title='bbox 1060 3714 1086 3757; x_wconf 87' lang='lat' dir='ltr'>e.</span> <span class='ocrx_word' id='word_1_317' title='bbox 1107 3695 1166 3755; x_wconf 84' lang='lat' dir='ltr'>Xll</span> 
     </span>
     <span class='ocr_line' id='line_1_39' title="bbox 72 3777 1165 3862; baseline -0.003 -20"><span class='ocrx_word' id='word_1_318' title='bbox 72 3787 118 3843; x_wconf 79' lang='lat'>17</span> <span class='ocrx_word' id='word_1_319' title='bbox 140 3800 247 3842; x_wconf 85' lang='lat' dir='ltr'>numus</span> <span class='ocrx_word' id='word_1_320' title='bbox 271 3780 493 3840; x_wconf 80' lang='grc' dir='ltr'><strong><em>Μολλασσὲωο</em></strong></span> <span class='ocrx_word' id='word_1_321' title='bbox 514 3799 625 3842; x_wconf 89' lang='lat' dir='ltr'>nomen</span> <span class='ocrx_word' id='word_1_322' title='bbox 644 3781 841 3862; x_wconf 79' lang='lat' dir='ltr'>praeterens,</span> <span class='ocrx_word' id='word_1_323' title='bbox 855 3819 856 3824; x_wconf 22' lang='grc' dir='ltr'><strong><em>κ</em></strong></span> <span class='ocrx_word' id='word_1_324' title='bbox 869 3778 920 3862; x_wconf 83' lang='lat' dir='ltr'>qui</span> <span class='ocrx_word' id='word_1_325' title='bbox 938 3777 965 3840; x_wconf 90' lang='lat' dir='ltr'>si</span> <span class='ocrx_word' id='word_1_326' title='bbox 988 3777 1047 3842; x_wconf 84' lang='lat' dir='ltr'>hnc</span> <span class='ocrx_word' id='word_1_327' title='bbox 1067 3778 1165 3858; x_wconf 88' lang='lat' dir='ltr'>perti-</span> 
     </span>
     <span class='ocr_line' id='line_1_40' title="bbox 71 3861 1164 3944; baseline -0.005 -18"><span class='ocrx_word' id='word_1_328' title='bbox 71 3868 174 3942; x_wconf 76' lang='lat' dir='ltr'>neret,</span> <span class='ocrx_word' id='word_1_329' title='bbox 194 3871 229 3926; x_wconf 86' lang='lat' dir='ltr'>at</span> <span class='ocrx_word' id='word_1_330' title='bbox 246 3864 315 3926; x_wconf 89' lang='lat' dir='ltr'>viro</span> <span class='ocrx_word' id='word_1_331' title='bbox 338 3863 427 3926; x_wconf 81' lang='lat' dir='ltr'>‹locto</span> <span class='ocrx_word' id='word_1_332' title='bbox 449 3863 546 3926; x_wconf 84' lang='lat' dir='ltr'>visum</span> <span class='ocrx_word' id='word_1_333' title='bbox 567 3871 623 3944; x_wconf 75' lang='lat' dir='ltr'>est,</span> <span class='ocrx_word' id='word_1_334' title='bbox 645 3865 741 3926; x_wconf 88' lang='lat' dir='ltr'>molta</span> <span class='ocrx_word' id='word_1_335' title='bbox 761 3862 969 3924; x_wconf 84' lang='lat' dir='ltr'>conturbaret</span> <span class='ocrx_word' id='word_1_336' title='bbox 1011 3861 1065 3926; x_wconf 83' lang='lat' dir='ltr'>sel</span> <span class='ocrx_word' id='word_1_337' title='bbox 1087 3879 1164 3926; x_wconf 79' lang='lat' dir='ltr'>care</span> 
     </span>
     <span class='ocr_line' id='line_1_41' title="bbox 70 3944 1163 4030; baseline -0.007 -19"><span class='ocrx_word' id='word_1_338' title='bbox 70 3948 123 4011; x_wconf 92' lang='lat' dir='ltr'>illi</span> <span class='ocrx_word' id='word_1_339' title='bbox 144 3949 243 4026; x_wconf 77' lang='lat' dir='ltr'>lidae,</span> <span class='ocrx_word' id='word_1_340' title='bbox 274 3953 328 4011; x_wconf 88' lang='lat' dir='ltr'>ant</span> <span class='ocrx_word' id='word_1_341' title='bbox 349 3965 424 4008; x_wconf 82' lang='lat' dir='ltr'>vera</span> <span class='ocrx_word' id='word_1_342' title='bbox 443 3947 579 4026; x_wconf 87' lang='lat' dir='ltr'>opineris</span> <span class='ocrx_word' id='word_1_343' title='bbox 601 3947 736 4030; x_wconf 80' lang='lat' dir='ltr'>quaele</span> <span class='ocrx_word' id='word_1_344' title='bbox 760 3961 869 4008; x_wconf 87' lang='lat' dir='ltr'>novem</span> <span class='ocrx_word' id='word_1_345' title='bbox 889 3944 1002 4008; x_wconf 80' lang='lat' dir='ltr'>Cariae</span> <span class='ocrx_word' id='word_1_346' title='bbox 1024 3945 1163 4021; x_wconf 72' lang='lat' dir='ltr'>dynamis</span> 
     </span>
     <span class='ocr_line' id='line_1_42' title="bbox 71 4027 1160 4112; baseline -0.007 -18"><span class='ocrx_word' id='word_1_347' title='bbox 71 4031 116 4094; x_wconf 85' lang='lat' dir='ltr'>ad</span> <span class='ocrx_word' id='word_1_348' title='bbox 139 4049 206 4094; x_wconf 88' lang='lat' dir='ltr'>eom</span> <span class='ocrx_word' id='word_1_349' title='bbox 225 4031 381 4112; x_wconf 82' lang='lat' dir='ltr'>disputata</span> <span class='ocrx_word' id='word_1_350' title='bbox 406 4036 485 4092; x_wconf 89' lang='lat' dir='ltr'>sunt</span> <span class='ocrx_word' id='word_1_351' title='bbox 536 4032 618 4093; x_wconf 89' lang='lat' dir='ltr'>nnmi</span> <span class='ocrx_word' id='word_1_352' title='bbox 640 4031 797 4111; x_wconf 74' lang='lat' dir='ltr'>inscriptio</span> <span class='ocrx_word' id='word_1_353' title='bbox 827 4028 890 4092; x_wconf 86' lang='lat' dir='ltr'>alia</span> <span class='ocrx_word' id='word_1_354' title='bbox 911 4031 1012 4092; x_wconf 84' lang='lat' dir='ltr'>omnia</span> <span class='ocrx_word' id='word_1_355' title='bbox 1032 4027 1160 4102; x_wconf 86' lang='lat' dir='ltr'>docebit,</span> 
     </span>
     <span class='ocr_line' id='line_1_43' title="bbox 71 4111 1161 4196; baseline -0.006 -20"><span class='ocrx_word' id='word_1_356' title='bbox 71 4117 101 4177; x_wconf 80' lang='lat' dir='ltr'>si</span> <span class='ocrx_word' id='word_1_357' title='bbox 126 4121 323 4194; x_wconf 80' lang='lat' dir='ltr'>componatur</span> <span class='ocrx_word' id='word_1_358' title='bbox 352 4133 418 4176; x_wconf 82' lang='lat' dir='ltr'>curn</span> <span class='ocrx_word' id='word_1_359' title='bbox 445 4113 508 4175; x_wconf 87' lang='lat' dir='ltr'>illis</span> <span class='ocrx_word' id='word_1_360' title='bbox 539 4133 614 4196; x_wconf 87' lang='lat' dir='ltr'>qnos</span> <span class='ocrx_word' id='word_1_361' title='bbox 644 4115 688 4178; x_wconf 87' lang='lat' dir='ltr'>lo.</span> <span class='ocrx_word' id='word_1_362' title='bbox 709 4115 872 4176; x_wconf 66' lang='lat' dir='ltr'>massonus</span> <span class='ocrx_word' id='word_1_363' title='bbox 901 4117 1049 4174; x_wconf 84' lang='lat' dir='ltr'>memorat</span> <span class='ocrx_word' id='word_1_364' title='bbox 1070 4111 1161 4172; x_wconf 84' lang='lat' dir='ltr'>Vitae</span> 
     </span>
     <span class='ocr_line' id='line_1_44' title="bbox 71 4193 1161 4278; baseline -0.006 -18"><span class='ocrx_word' id='word_1_365' title='bbox 71 4199 252 4261; x_wconf 56' lang='lat' dir='ltr'>Aristilnt</span> <span class='ocrx_word' id='word_1_366' title='bbox 273 4203 310 4262; x_wconf 71' lang='lat'>7:</span> <span class='ocrx_word' id='word_1_367' title='bbox 331 4198 402 4262; x_wconf 85' lang='lat' dir='ltr'>inde</span> <span class='ocrx_word' id='word_1_368' title='bbox 427 4197 506 4262; x_wconf 89' lang='lat' dir='ltr'>enim</span> <span class='ocrx_word' id='word_1_369' title='bbox 535 4193 822 4258; x_wconf 77' lang='grc' dir='ltr'><em>ΛΑΛΑΣΣΕΩΝ</em></span> <span class='ocrx_word' id='word_1_370' title='bbox 838 4197 903 4278; x_wconf 82' lang='lat' dir='ltr'>legi</span> <span class='ocrx_word' id='word_1_371' title='bbox 924 4201 1087 4278; x_wconf 88' lang='lat' dir='ltr'>opportere</span> <span class='ocrx_word' id='word_1_372' title='bbox 1105 4211 1161 4274; x_wconf 89' lang='lat' dir='ltr'>ap·</span> 
     </span>
    </p>
   </div>
   <div class='ocr_carea' id='block_1_4' title="bbox 0 0 1538 4867">
    <p class='ocr_par' dir='ltr' id='par_1_8' title="bbox 0 0 1538 4867">
     <span class='ocr_line' id='line_1_45' title="bbox 0 0 1538 4867; baseline 0 7"><span class='ocrx_word' id='word_1_373' title='bbox 0 0 1538 4867; x_wconf 95' lang='lat' dir='ltr'> </span> 
     </span>
    </p>
   </div>
  </div>
 </body>
</html>
