3067 4867
462 473 781 542 rnonuootttnt.
1089 473 1161 546 385
1252 495 1259 506 ·

84 648 159 735 polis
176 649 355 735 dignitatern
375 653 422 719 illi
443 655 556 738 opplclo
578 657 722 720 collatam
735 655 829 720 luerit
844 655 986 736 scriptus
1027 657 1066 720 ad
1088 657 1164 722 liaeo

83 737 211 822 accolit,
238 739 478 821 lieleuopontum
512 741 668 803 coruulari
699 748 730 800 et
765 741 1006 813 Polemoniacnrn
1037 742 1165 804 Pontornr

82 820 212 900 praesidi
232 822 263 884 in
278 822 467 886 lacoontos
487 823 623 898 attribui,
635 823 768 886 Novella
783 841 858 886 vero
878 829 920 886 28
941 824 1056 886 abolito
1076 827 1168 888 l'onli

81 905 281 968 Polemoniaci
301 906 391 968 titulo
411 907 651 987 llclenopoutum
664 906 851 970 moderatori
874 906 1061 970 iustiniaueo
1083 927 1165 970 conn-

79 987 166 1050 nnitti
219 1005 314 1070 porro
346 989 426 1052 elnae
451 997 569 1052 tantum
598 989 632 1053 in
652 990 842 1067 Syueedemo
861 989 1024 1053 Armeniae
1052 991 1164 1066 insunt,

79 1085 155 1151 quas
172 1071 369 1135 multifariam
390 1077 490 1136 sectas
504 1072 687 1136 lastinianus
710 1074 797 1151 (nou,
813 1078 849 1136 ut
867 1091 1029 1155 perperam
1053 1074 1165 1136 llnstn-

78 1153 159 1214 thius
175 1154 209 1216 iu
228 1155 355 1231 Dionys.
375 1156 529 1239 Perleges.
543 1160 616 1233 694,
636 1155 784 1235 lustinus)
806 1165 950 1240 quattuor
970 1158 1102 1224 Novella
1122 1163 1164 1220 31

77 1250 147 1297 esse
166 1243 258 1320 atque
277 1237 386 1302 lateri
407 1241 483 1303 vult
505 1247 593 1302 taem
676 1239 894 1304 elustinianae
914 1241 1030 1321 primae
1054 1259 1167 1304 caussa

75 1319 247 1384 decreverit
266 1321 343 1386 Nor.
369 1327 428 1400 11,
447 1328 541 1404 utque
561 1322 594 1387 in
639 1324 709 1400 yria
735 1321 991 1399 Theoloriadcm
1014 1343 1053 1388 ne
1075 1343 1165 1404 egre-

74 1402 151 1547 ‘iai
163 1404 349 1550 {erumnae
372 1405 472 1470 honor
490 1407 621 1486 deesset,
640 1406 840 1488 provinciam,
861 1406 900 1468 cle
920 1424 980 1489 qua
991 1407 1165 1486 Novellatl,

72 1488 164 1549 coni
201 1489 251 1552 rit-
1039 1511 1040 1516 ¹

155 1611 231 1676 llili
251 1629 330 1695 quae
362 1612 482 1678 abunde
515 1611 555 1677 al
585 1617 716 1676 aetatem
745 1611 904 1695 scriptoris
935 1613 1098 1678 erucuclarn
1119 1613 1227 1682 riooo

71 1693 195 1772 cientur.
241 1713 349 1777 posses
381 1695 495 1780 alioqui
524 1696 642 1760 anxilio
670 1713 785 1759 vocare
804 1697 918 1777 urbes,
949 1716 1026 1781 quas
1056 1716 1112 1760 suo
1135 1705 1168 1760 ct

70 1778 257 1841 ‘l'lneotlorae
278 1779 400 1842 nomine
420 1779 557 1842 illustres
573 1797 642 1842 csse
661 1780 769 1857 voluit,
783 1780 816 1842 in
835 1797 927 1844 unum
946 1782 1123 1863 catalogum
1145 1797 1167 1845 n

68 1862 110 1924 N.
129 1859 299 1924 Alcmanuo
319 1863 360 1925 nl
380 1862 523 1944 Procopii
543 1861 621 1926 msc
644 1861 757 1926 Arcen.
778 1879 804 1925 c.
829 1867 868 1924 11
893 1863 1056 1944 coniectas,
1080 1865 1112 1926 ni
1135 1869 1168 1926 et

69 1944 154 2007 aliae
176 1946 279 2008 loreut
298 1963 427 2028 quarum
447 1946 598 2009 rationem
612 1945 769 2009 llieroelcs
789 1945 906 2010 nullam
927 1947 1043 2010 holuit
1086 1946 1167 2029 quot

68 2029 152 2090 enim
172 2028 306 2092 lustinus
327 2030 442 2112 primns
464 2028 632 2100 nuenario
655 2035 747 2112 atque
768 2025 906 2092 moesone
924 2030 1089 2112 pristinum
1110 2047 1167 2091 no·

68 2129 142 2174 rnen
164 2113 300 2192 obstruit,
322 2113 445 2195 utrique
465 2111 705 2192 tosnnopolcos,
726 2130 788 2195 quo
809 2117 840 2173 et
862 2113 950 2194 prior
970 2113 1002 2175 ln
1023 2113 1167 2194 lllopsne-

67 2199 163 2257 stana
176 2195 294 2272 synodo
308 2197 397 2278 (licet
405 2193 738 2295 Iustinianopolltuno
750 2195 944 2278 metropolis
955 2195 1050 2276 vulgo
1061 2215 1091 2278 p.
1103 2201 1166 2259 1:32

68 2283 195 2342 tom.12
214 2277 250 2342 c.
264 2277 303 2342 o.
325 2279 451 2360 etiamr)
474 2279 620 2360 superbit,
637 2277 779 2360 imposito
792 2277 882 2342 tinulo
904 2281 985 2362 apud
996 2277 1166 2360 Euagrium

67 2359 108 2425 Η,
122 2360 188 2426 ΕΑ
205 2367 227 2426 8
247 2370 279 2426 et
295 2363 514 2444 Theophanem
523 2361 679 2444 chorogr.
692 2382 723 2443 p.
732 2365 805 2440 140,
828 2379 865 2424 eo
885 2381 1044 2447 nusquam,
1065 2382 1165 2446 quan-

67 2446 183 2508 tumvis
209 2446 258 2511 illi
289 2447 419 2529 tempori
447 2446 626 2529 proximum,
654 2443 687 2508 lu
707 2445 898 2523 Syuecclemo
926 2447 984 2512 has
1004 2447 1097 2509 ucles
1118 2447 1165 2509 cll·

66 2536 195 2610 guntur.

153 2670 213 2734 llla
235 2685 313 2751 ergo
344 2668 475 2752 quaein
505 2667 606 2732 melio
626 2666 833 2750 pocot-mos
852 2685 1003 2752 superque
1025 2667 1167 2732 evincent

64 2753 147 2817 nihil
174 2772 278 2817 ennom
310 2770 389 2836 quae
419 2751 604 2816 lucinianus
631 2753 763 2816 novarit
784 2753 974 2832 llieroclcm,
995 2773 1063 2816 cum
1084 2755 1164 2818 hanc

64 2837 217 2901 Notitiam
237 2837 399 2919 nugarol,
430 2835 619 2900 manlinisse
640 2836 759 2928 viderj3
793 2837 931 2920 oleoque
952 2843 1024 2900 anto
1045 2837 1165 2900 Bellon·

64 2921 150 2983 rium
180 2921 349 2994 consulem,
378 2918 464 2983 cuins
493 2937 605 2982 anuum
635 2919 741 2999 plures
771 2919 895 2982 illamam
917 2921 1166 2984 constitutionum

63 3007 267 3086 praeierunt,
293 3003 432 3085 principe
463 3007 567 3065 tamen
596 3002 766 3064 lustinlauo
788 3001 959 3083 scripsisset
1001 3022 1071 3066 nam
1092 3010 1166 3066 aute

63 3089 149 3150 nunc
168 3088 322 3150 consulo·
344 3090 411 3150 lato
433 3086 629 3164 concessisse,
650 3085 731 3168 quot
750 3085 819 3148 viro
839 3085 960 3148 erudito
981 3085 1013 3148 iu
1034 3093 1165 3150 mentem

62 3172 155 3234 veuit
181 3169 349 3248 altinati,
378 3171 436 3234 rix
455 3169 592 3232 lnoloem
624 3168 774 3250 coegeris.
816 3171 917 3251 potuit
938 3187 1014 3232 sane
1033 3171 1164 3252 vulgato
1285 3224 1287 3228 Α

61 3254 259 3332 Spucctlemo
281 3253 384 3316 onnia
404 3272 485 3337 quac
505 3253 675 3334 inperator
693 3258 869 3315 mutaverat
891 3252 1016 3330 adolere,
1036 3271 1163 3318 novenn-

59 3357 123 3420 que
147 3339 216 3401 eius
234 3337 397 3400 coitionem
418 3337 594 3418 ponticone:
628 3341 663 3399 at
682 3334 715 3397 tt
735 3335 873 3398 voluisse
894 3337 975 3399 uude
996 3355 1164 3418 cognosce-

58 3424 155 3486 musl
205 3417 277 3503 quil
308 3420 337 3482 si
366 3420 458 3486 etlam
489 3419 587 3502 priori
615 3417 742 3482 editioni
770 3418 829 3481 illa
857 3419 1055 3492 adstruxerit,
1078 3427 1109 3482 ct
1130 3420 1162 3483 iu

58 3513 205 3568 nostram
225 3509 358 3567 aetatem
378 3504 512 3578 Nuntia,
533 3509 568 3565 ut
595 3503 762 3585 primnmc
786 3501 947 3583 scriptoris
968 3504 1087 3566 calonio
1108 3503 1162 3566 ‹lc-

57 3589 209 3664 lluxerat,
229 3586 408 3650 oercueritl
448 3588 553 3669 itaque
574 3586 617 3649 ad
633 3584 855 3663 Synecclcmum
876 3586 974 3665 ipsmn
994 3587 1161 3649 olescendo-

56 3691 136 3750 urus,
163 3677 257 3752 atque
277 3672 440 3754 integerne
461 3676 493 3732 ct
512 3669 673 3750 genuimus,
693 3675 725 3730 et
750 3667 835 3732 errius
864 3669 990 3750 generis
1009 3671 1052 3732 sit
1074 3671 1160 3733 Noti·

54 3756 110 3837 lia,
136 3753 242 3818 civilis
263 3771 304 3817 on
324 3754 542 3831 calculatione,
566 3753 768 3834 exploro-us
996 3763 998 3771 ‘

141 3896 214 3959 Non
234 3912 304 3957 esee
323 3892 486 3976 genuinum
505 3911 604 3976 neque
623 3895 776 3976 integrum
790 3889 969 3958 limmnnucl
981 3891 1158 3956 schelstra-

54 3983 151 4042 tenns
174 3985 250 4042 tom.
270 3985 293 4042 2
311 3980 416 4061 Antiq.
450 3979 571 4042 licclcs.
588 3985 696 4059 poll)
718 3975 777 4042 sibi
810 3977 973 4058 persuasit,
992 3984 1053 4040 ton
1078 3979 1158 4058 quoni

52 4081 94 4124 ea
117 4079 204 4144 quae
223 4064 262 4125 ‹lc
283 4059 409 4126 civitate
429 4059 772 4142 constantinopolitana
793 4079 834 4124 ex
853 4059 994 4124 llicrocle
1007 4059 1157 4123 Constan-

52 4145 141 4208 tinus
165 4146 452 4228 Porplnyrogenitus
471 4147 579 4222 relert,
597 4145 758 4208 iuNotitia
775 4161 837 4206 non
857 4149 1073 4225 compareant3
1094 4147 1157 4204 turn

50 4247 95 4290 ex
116 4247 159 4292 eo
182 4247 303 4312 quoque
335 4228 481 4313 probari,
506 4227 587 4311 quoti
605 4226 757 4292 llieroclis
783 4245 860 4309 opus
881 4229 924 4288 ot
945 4227 1156 4308 praefecturas

49 4329 107 4375 sen
129 4312 313 4396 provincias
344 4319 376 4376 ct
395 4317 460 4378 835
484 4331 539 4376 sen
569 4315 634 4378 935
653 4307 796 4376 civitates
815 4309 1019 4389 continuerit,
1039 4307 1155 4374 Notitia

138 4441 235 4496 Conso
255 4439 387 4516 Porphyr.
930 4437 964 4490 25
