3067 4867
285 184 329 250 lli
357 181 635 250 Simecnhswm
664 177 999 254 COMMENTthUS.
1103 167 1177 246 hs?

62 359 106 415 ut
131 349 159 416 l.
187 356 210 414 1
236 352 353 416 etna.
383 349 577 436 ‹lel'ngltlm
606 357 640 416 et
668 350 777 416 colon.
806 349 1181 428 noeumtuerlutuon

67 445 107 512 et
130 455 155 498 a
189 435 378 517 patrimonia
397 453 509 500 nonen
529 435 673 516 hahent,
706 435 830 500 omnino
851 453 903 498 res
923 435 993 516 ipsa
1015 435 1181 500 Anastasio

66 519 215 582 videmur
232 520 331 599 prior.
373 525 466 602 atqua
486 518 520 583 ln
540 519 591 583 his
615 538 655 582 ne
679 521 881 602 ambigamus,
903 519 1111 600 possessiones
1130 521 1181 582 ia·

67 604 170 665 ciunt
205 601 437 685 patrimoniales
462 620 520 685 per
545 603 692 667 Asianam
723 609 755 666 et
781 601 937 664 Ponticam
965 601 1119 665 dioecesin
1149 607 1183 666 et

69 686 174 748 fundi
202 686 436 767 patrimoniales
457 687 777 768 perhlesopotamiam
800 693 832 747 et
845 685 1035 750 Osdroenam
1055 685 1182 766 proriu-

69 771 160 846 eiaa,
186 787 318 850 quorun
338 768 541 850 inperatores
560 769 710 834 hrealina
731 768 967 832 Valentinianus
986 777 1018 832 et
1039 767 1183 832 Theolo-
1276 779 1279 786 ’

71 852 150 916 sins
171 853 211 914 in
230 851 253 915 h
274 859 297 915 6
317 858 390 950 6608
409 872 437 918 e
460 854 500 916 tle
522 853 620 916 mna
642 851 808 951 Patrimon.
838 853 1048 952 meminerunt,
1070 851 1183 952 etv8u3

74 935 1184 1103 ivehihffisshiilssiiiiiatlhhihhffih

75 1101 270 1184 patrimonii
290 1102 448 1186 requirere
466 1104 575 1168 merito
596 1103 770 1178 alluhites,
790 1101 978 1201 eundemque
999 1103 1077 1167 aleo
1098 1103 1184 1178 Ana

79 1185 191 1248 stanin
224 1186 359 1268 priorem
388 1194 421 1250 et
449 1187 506 1251 surh
525 1187 691 1251 Theodosii
726 1193 759 1251 et
780 1185 989 1253 Valentiniani
1011 1183 1186 1269 principatu

81 1269 152 1332 iam
177 1267 276 1331 fuisse
306 1276 433 1334 notum:
464 1269 551 1336 nulla
582 1272 661 1334 enim
678 1271 743 1334 eins
762 1270 796 1336 in
816 1267 934 1334 Notitia
953 1269 1025 1351 imp.
1048 1269 1186 1349 (trient,

83 1351 176 1434 quod
197 1352 313 1433 sciam,
331 1354 463 1430 mentio;
495 1354 528 1418 in
557 1373 619 1437 pua
644 1355 701 1420 suh
720 1353 921 1436 dispositione
941 1353 1061 1418 comitis
1084 1369 1186 1416 rernm

84 1434 288 1516 privatarum
308 1436 477 1522 praepositi
497 1455 628 1521 gregum
647 1443 679 1500 et
700 1438 890 1502 stahnlorum
910 1442 1187 1518 procuratoresque

84 1519 229 1591 saltuum
249 1521 361 1581 fundos
384 1519 614 1601 patrimoniales
635 1539 661 1583 c.
677 1525 720 1583 88
742 1527 864 1584 muana
905 1521 1008 1588 fateor
1028 1519 1074 1608 ll·
1095 1521 1187 1582 Pere-

87 1602 221 1682 grinum
241 1599 418 1666 Saturnium
437 1605 647 1668 moderantem
664 1604 824 1669 inlustrem
838 1603 921 1670 sauri
942 1603 1118 1685 patrimonii
1136 1621 1188 1664 en-

87 1684 235 1748 mitiram
258 1703 326 1748 esse
345 1685 378 1749 in
399 1687 496 1750 veteri
516 1686 628 1768 lapide.
676 1686 797 1768 largior
820 1689 912 1754 etiam
932 1686 1059 1751 eundem
1079 1685 1188 1766 videri,

89 1767 147 1850 qui
168 1785 273 1830 comes
304 1775 337 1831 et
357 1777 540 1849 procurator
569 1772 602 1834 in
624 1771 646 1834 l.
669 1776 710 1832 16
732 1791 758 1833 c.
775 1771 842 1836 nh.
861 1769 900 1837 ie
920 1770 996 1836 Bon·
1017 1769 1188 1849 Proscript,

88 1851 235 1915 Arcadio
256 1857 288 1916 et
306 1852 442 1932 lionorio
462 1853 648 1934 principibus
662 1853 783 1918 dieitur.
826 1860 860 1918 at
881 1855 918 1934 is,
938 1860 973 1918 ut
993 1853 1073 1935 lepis
1093 1870 1190 1934 argur-

89 1938 233 2033 mentum
256 1934 397 2032 iniiam,
428 1936 605 2017 patrimonii
627 1935 804 2002 (lilloniaci
824 1955 949 2036 eomes&
964 1955 1052 2034 quem
1072 1935 1191 2001 hlotiiia

91 2017 313 2165 teithi
324 2023 663 2185 atttriti
686 2022 975 2185 iiiitihii.
996 2017 1191 2180 stitit

94 2201 203 2248 comes
223 2183 398 2264 patrimonii
417 2193 491 2250 ante
511 2185 707 2250 hnasmsium
736 2186 850 2268 inerit,
869 2189 991 2253 eiicere
1021 2205 1084 2250 noa
1105 2188 1191 2266 pole

95 2268 155 2346 rit,
173 2285 242 2330 run
259 2268 301 2332 ah
322 2271 488 2332 Anmtasio
500 2270 711 2332 Theodericum
731 2269 797 2335 eins
819 2270 866 2334 rei
881 2271 1052 2352 exemplum
1071 2284 1191 2332 sumere

98 2349 248 2434 potuerit·
289 2360 394 2415 vernin
415 2351 474 2415 hoe
491 2352 601 2416 ohiter.
654 2355 718 2416 mss
735 2346 844 2431 χωρία
864 2347 1065 2432 πατριμόνια,
1088 2370 1106 2414 e
1126 2350 1192 2498 Ἓιι-

98 2433 208 2584 gazei
236 2429 481 2515 πατριμονιάλια
508 2435 713 2516 formareris,
739 2435 852 2500 iunius
877 2436 1109 2518 patrimoniales
1158 2451 1193 2498 u

126 2535 143 2578 e
163 2517 200 2580 is·
988 2527 994 2558 ⁵

189 2603 260 2676 666,
272 2603 303 2659 7.
349 2592 717 2680 Kriiopu1magnahaee
735 2604 784 2662 eat
791 2595 916 2678 Cibyra,
935 2620 957 2665 a
975 2618 1038 2687 pua
1058 2617 1193 2664 eonven-

104 2687 160 2743 tns
180 2679 373 2759 Cibyraticae
403 2681 486 2762 apuli
514 2681 644 2746 Plinium
670 2684 762 2760 529,
789 2682 822 2746 in
840 2683 995 2766 Phrygiae
1023 2681 1194 2764 Cariaeque

103 2764 215 2828 iinihus
235 2766 355 2846 posita,
385 2783 443 2827 nee
462 2764 558 2846 longe
578 2765 619 2829 al
639 2764 804 2830 Antiochia
831 2767 872 2830 atl
892 2767 1094 2832 lilaeantlrum
1115 2771 1194 2830 teste

107 2847 261 2912 Strabone
287 2854 330 2912 13
356 2866 386 2927 p.
399 2853 476 2912 660.
525 2849 629 2930 itaque
655 2849 756 2913 turus
783 2853 832 2912 est
862 2851 1046 2914 scholiastes
1074 2849 1195 2912 lloratii

107 2929 172 2995 Gru
191 2931 300 2995 uiauns
319 2932 352 2996 in
367 2931 424 3014 ilp-
445 2937 465 2994 1
484 2937 507 2994 6
524 2937 569 2996 66
588 2931 735 3011 smihens,
755 2927 880 3016 Uihprn
899 2937 993 2998 mons
1011 2935 1195 2998 amittam

109 3017 147 3080 ia
165 2950 387 3098 inprimere
410 3020 469 3080 nui
496 3009 615 3099 Lydia.
666 3015 727 3080 luit
746 3015 867 3160 puidam
897 3017 998 3080 altera
1018 3017 1124 3078 eodem
1140 3035 1196 3079 no-

109 3099 188 3164 mine
206 3099 263 3161 sen
295 3099 395 3162 minor
424 3099 458 3163 in
481 3097 661 3182 Pamphylia
690 3118 752 3180 apa
800 3100 928 3162 eundem
947 3099 1133 3164 Smahonem
1155 3102 1195 3161 14

110 3203 143 3266 p.
154 3188 223 3260 667,
244 3200 336 3268 pnnm
356 3183 383 3245 si
403 3183 573 3262 intellexit,
595 3200 733 3246 errorem
751 3201 902 3248 excusare
919 3200 1039 3267 quoque
1059 3202 1122 3246 non
1141 3201 1195 3262 po-

112 3265 193 3330 terit.
233 3266 391 3329 aminare
411 3266 472 3328 hae
492 3265 608 3344 Cibyra
627 3266 747 3330 'l'hema
769 3265 1070 3344 Cyhprrhneotarnm
1090 3265 1197 3346 appel-

113 3348 189 3411 lavit
202 3347 420 3412 Constantinus
443 3349 466 3412 1.
488 3356 506 3412 1
525 3349 631 3412 Them.
655 3354 712 3426 143
734 3347 812 3431 quod
835 3369 901 3415 curn
919 3349 1022 3432 patria
1041 3347 1198 3413 Anastnsii

114 3433 332 3514 Thanmaturgi
351 3433 384 3495 in
404 3432 582 3508 Synaxario
596 3432 774 3496 Divionensi
794 3433 923 3512 feratur,
947 3428 1055 3511 χώρας
1076 3431 1136 3508 μὲν
1159 3417 1198 3508 ἦν

115 3512 383 3595 Κιβυρραιωτῶν,
402 3517 512 3580 merito
534 3515 656 3580 mireris
676 3517 714 3580 li.
734 3514 976 3664 hmani
995 3524 1067 3579 iol.
1092 3521 1110 3576 1
1132 3514 1197 3578 ltin.

117 3615 146 3678 p.
155 3602 215 3660 828
230 3597 422 3679 scribentem,
444 3596 547 3662 nihilo
560 3594 701 3678 feditas
714 3615 783 3682 emp
946 3615 1032 3683 preme
1046 3595 1085 3663 S.
1096 3595 1199 3662 Atiu-

117 3683 206 3744 anoio
225 3683 356 3760 petrin:
377 3699 453 3746 anm
472 3679 760 3765 llihyrrhnttoraar
778 3684 815 3748 ia
832 3681 941 3766 eioptn
960 3685 1127 3748 aramum
1145 3697 1200 3744 re·

117 3767 171 3847 pio
191 3761 282 3828 nullu
303 3761 399 3829 nobis
420 3767 571 3830 inolent.

195 3845 278 3912 lita
321 3847 576 3929 Κοκτημαλικαι]
597 3849 660 3914 alio
677 3848 736 3913 tihi
748 3849 931 3930 eonieetore,
952 3850 1003 3933 qni
1026 3865 1131 3912 uerum
1153 3846 1200 3910 tli-
1274 3899 1276 3902 .

121 3930 210 4010 vinee,
229 3949 307 4012 opus
327 3937 393 4010 est,
415 3951 476 4013 ego
495 3932 572 3995 nihil
592 3932 664 3996 hine
685 3932 825 4015 expedio.

197 4011 279 4082 ibid·
301 4019 333 4078 Β.
381 4011 522 4098 ἐπαρχία
548 4011 707 4096 Ποντικῆς
739 4013 781 4090 α’]
810 4017 855 4082 sin
879 4034 961 4094 Νη
992 4031 1070 4099 quae
1095 4015 1200 4078 lucere
