3067 4867
487 425 807 528 unocnuounua
1124 459 1196 529 387

114 636 161 700 eia
178 636 282 718 plumes
301 637 505 719 metropoles,
535 637 656 701 mmeui
674 636 829 720 dignitate
844 635 996 720 impares,
1015 635 1138 716 inerint,
1156 637 1264 702 aeona

114 721 145 782 in
164 720 233 783 llitli
276 721 308 783 ia
327 722 504 784 Nicomedia
527 722 643 784 Nicaea
671 729 703 784 ct
717 721 904 796 Chalcedon,
925 721 979 784 vix
998 739 1089 784 uuam
1112 729 1203 804 atquc

112 805 269 884 alteram,
305 822 488 886 cpenunero
510 805 602 874 etiam
623 806 748 878 nullam,
770 823 807 866 eo
826 805 917 868 titorlo
939 803 1128 868 cohonestat.
1160 805 1202 868 ad

114 887 188 966 lroc,
210 887 291 951 haud
322 907 439 970 paucae
472 893 670 952 recensentur
697 890 790 951 urbes
817 888 926 972 quibus
944 887 1046 950 nullus
1069 905 1203 970 unquam

111 973 268 1052 episcopus
286 972 367 1048 fuit3
390 988 518 1054 quarum
543 972 684 1054 exempla
712 991 780 1035 cum
801 972 865 1034 suia
886 988 1024 1054 quaeque
1047 972 1126 1035 locis
1145 972 1202 1034 ad·

111 1054 209 1116 metiri
229 1055 446 1132 consdtuerim,
468 1074 532 1119 una
551 1055 602 1118 liic
621 1053 751 1132 Scythia
773 1056 935 1137 defungar.
977 1054 1025 1116 illi
1045 1057 1088 1118 15
1109 1053 1203 1117 urbes

111 1137 362 1215 contribuuntur3
390 1139 471 1202 unde
500 1138 631 1221 singulis
652 1139 812 1221 episcopis,
840 1139 868 1202 si
890 1137 1099 1202 ecclesiastica
1120 1141 1203 1201 foret

111 1221 235 1299 Notitia,
265 1223 405 1286 subditas
433 1223 528 1284 luisse
548 1222 756 1298 existimares,
780 1241 846 1285 cum
866 1228 969 1285 tamen
987 1241 1091 1284 omnes
1112 1223 1202 1284 nnius

111 1304 263 1367 Tamiani
291 1305 443 1387 praesulis
466 1323 562 1369 curae
590 1306 771 1369 commissae
802 1306 926 1368 fuerint
975 1305 1003 1367 si
1031 1305 1202 1384 addubites,

110 1388 311 1451 &somenam
340 1390 377 1452 ΙΙ.
399 1389 536 1452 &821
567 1396 722 1453 aucorem
749 1389 847 1452 dabo:
879 1383 971 1450 τοῦτο
994 1386 1030 1449 δὲ
1049 1381 1086 1446 ui
1109 1381 1204 1458 ἔθνος

110 1463 227 1539 πολλὰς
244 1471 304 1544 μὲν
325 1465 466 1550 ἔχεικαὶ
487 1464 593 1545 πόλεις
615 1470 672 1532 καί
700 1465 811 1548 κώμας
829 1471 886 1531 καὶ
906 1465 1059 1552 φρούρια,
1080 1468 1204 1550 μητρό-

109 1557 196 1622 πολις
218 1552 254 1614 de'
283 1553 352 1614 ἐστι
375 1552 483 1638 Τόμις,
503 1548 594 1625 πόλις
623 1550 745 1654 μῃᾶλη
766 1549 822 1614 καὶ
843 1549 1019 1630 caldarium,
1038 1551 1204 1634 παράλιος,

109 1634 143 1709 ἐξ
164 1634 336 1712 eduardum
357 1635 532 1698 cicuitum
552 1632 766 1704 τὸνΕυξεινον
778 1631 970 1714 καλούμενον
982 1631 1116 1701 Πόντον.
1138 1636 1204 1698 εἰσ·

108 1717 157 1778 ἐτι
176 1719 232 1778 καί
250 1718 307 1778 νῦν
338 1713 413 1790 ἔθος
442 1715 577 1782 παλαιὸν
598 1717 715 1781 ἐνθάδε
737 1725 854 1800 κρατεῖ,
874 1720 932 1780 τοῦ
953 1713 1072 1790 παντὸς
1089 1714 1205 1792 ἔθνους

106 1796 164 1861 ἕνα
185 1795 243 1873 τὰς
266 1798 431 1881 ἐκκλησίαις
449 1804 638 1872 ἐπισκοπεῖν.
680 1803 786 1886 utique
806 1804 833 1866 sl
854 1803 1061 1880 Synecdemus
1085 1803 1204 1885 cpisce

107 1903 217 1966 porum
240 1887 379 1948 ordinem
399 1895 431 1950 ct
451 1887 618 1971 dignitates
639 1887 843 1960 describeret,
864 1893 899 1949 nt
919 1905 1024 1950 omues
1044 1886 1109 1950 eius
1129 1904 1203 1968 pru-

108 1965 340 2033 vinciae'urloes
371 1978 564 2052 enumeraret
593 1971 671 2034 nihil
700 1989 778 2052 opus
805 1969 930 2034 fussee:
951 1987 1042 2032 unam
1063 1970 1202 2033 Tomita-

106 2072 187 2128 uarn,
209 2061 246 2115 ut
264 2053 433 2117 iuNotitiis
455 2055 672 2117 ecclesiasticis
691 2053 817 2133 assolet,
839 2054 942 2134 gentis
964 2053 1102 2136 praesnti
1125 2053 1202 2116 darc

106 2138 265 2217 potuisset
306 2137 417 2199 deiude
437 2139 544 2220 plures
572 2139 728 2221 plerisque
758 2137 791 2200 in
811 2137 979 2218 provinciis
999 2137 1101 2218 urbes,
1121 2155 1202 2220 quae

105 2239 180 2282 snos
200 2221 259 2284 niti
279 2221 439 2303 episcopos
462 2223 650 2298 habuerunt,
680 2219 761 2305 quod
790 2220 822 2284 in
843 2221 960 2285 Notitia
991 2219 1202 2284 ecclesiastica

104 2303 242 2367 insoleru
263 2311 320 2384 est,
341 2305 553 2387 negliguntur.
587 2323 646 2367 nec
667 2323 704 2366 eo
719 2311 822 2366 tamen
843 2305 906 2367 telo
927 2305 992 2366 alia
1007 2303 1110 2366 omnia
1129 2321 1200 2366 sen-

103 2388 215 2450 tientes
235 2388 443 2451 venementius
453 2389 602 2452 marin:
622 2388 733 2470 quidsi
748 2387 824 2450 illae
845 2385 1040 2451 exciderintt
1069 2394 1100 2449 et
1123 2405 1200 2450 saue

104 2471 217 2534 multas
237 2471 428 2555 negligenda
450 2473 673 2552 exscriptorum
693 2471 870 2552 deperditas
896 2489 964 2533 esse
977 2470 1051 2534 milri
1071 2487 1201 2553 persua-

103 2557 174 2616 deo.
214 2574 287 2618 nanc
310 2557 359 2618 uri
381 2554 528 2618 credibile
548 2557 612 2631 iet,
633 2562 670 2617 ut
689 2573 752 2615 nno
782 2555 922 2633 exemplo
941 2559 1024 2632 utar,
1046 2554 1078 2616 in
1099 2555 1201 2616 ltleso-

102 2639 259 2720 potamiae
282 2638 441 2720 proviucia
464 2638 563 2701 solam
583 2636 723 2700 Amidam
743 2637 897 2700 Hieroclis
927 2643 1031 2699 aetate
1053 2637 1201 2700 &marris

102 2721 200 2784 ausae
220 2722 442 2804 superstitem?
491 2723 554 2786 imo
574 2739 650 2784 vero
670 2720 776 2803 plures
797 2721 841 2782 iti
861 2719 1022 2794 florebant,
1043 2720 1098 2795 sed
1118 2739 1138 2782 a
1158 2720 1200 2782 li-

101 2805 220 2868 brariis
247 2824 358 2889 susque
390 2806 490 2887 deque
518 2805 659 2882 habitae3
680 2805 749 2887 qui,
771 2804 799 2866 si
820 2804 935 2885 absque
958 2804 1063 2866 codice
1083 2803 1200 2865 Narac-

99 2889 194 2951 sianu
214 2889 333 2962 fnium,
352 2907 444 2953 ιιιιιιιι
472 2889 576 2953 itidem
610 2889 782 2951 Phocaicae
814 2887 985 2949 maritimae
1004 2887 1200 2969 reliquissent

100 2975 231 3049 Tyrum.
280 2973 354 3056 qnid
383 2991 480 3055 porro
509 2973 592 3036 titruli
617 2973 868 3054 magistratuum,
890 2969 997 3051 quibus
1022 2970 1200 3050 provinciae

98 3055 365 3120 administrandae
387 3057 554 3120 attributae
570 3059 704 3132 fuerumt,
725 3055 765 3118 ad
776 3053 921 3116 Notitiam
939 3052 1199 3116 ecclesiasticami

96 3138 176 3221 quid
199 3140 382 3217 syneeuemi
414 3159 542 3218 nornen,
574 3141 655 3223 quod
678 3139 748 3201 huic
770 3137 904 3200 Notitiae
925 3136 1102 3218 inscriptum
1126 3137 1200 3199 estc

96 3224 133 3286 id
157 3224 416 3308 peregrinationis
428 3227 568 3287 eoitem
580 3223 785 3306 adsignificat,
807 3227 1049 3302 argumentoque
1067 3219 1199 3282 estllie-

93 3309 217 3370 recten
237 3310 415 3388 provincias
435 3307 566 3371 olitoris
586 3324 765 3370 succurrere
784 3312 816 3367 ct
838 3304 959 3386 imperii
974 3305 1110 3367 (trientis
1132 3319 1197 3367 arn-

93 3391 280 3471 plitudinem
300 3391 333 3455 in
353 3393 439 3455 brevi
461 3392 550 3475 quasi
572 3391 691 3454 tabella
704 3389 910 3471 praepingere
932 3387 1075 3450 voluisse.
1118 3405 1197 3469 quae

94 3473 177 3536 mihi
199 3493 309 3539 caussa
329 3476 453 3538 videtur
471 3494 528 3537 cur
548 3474 776 3556 provinciarum
798 3471 945 3552 ordinem,
966 3471 1010 3532 uti
1031 3471 1197 3552 praelectis

93 3565 130 3619 et
154 3558 279 3622 vicariis
298 3561 454 3639 suberant,
477 3559 708 3622 accuratissime
738 3555 882 3618 servarit
936 3554 1012 3616 libet
1041 3555 1072 3616 id
1093 3559 1257 3625 osten-529

91 3642 192 3720 dere,
215 3644 296 3723 quod
316 3643 374 3707 illa
395 3661 431 3705 re
451 3661 538 3704 suam
558 3642 598 3704 ab
620 3640 836 3704 ecclesiasticis
856 3638 980 3701 Notitiis
1000 3653 1126 3717 prorsus
1149 3638 1196 3698 di-

90 3727 255 3788 stinxerit
297 3727 428 3808 primum
440 3725 644 3790 Thraciarum
667 3724 832 3802 dioecesin,
854 3723 885 3785 iu
902 3728 924 3784 6
944 3719 1120 3801 provincias
1142 3721 1196 3780 de-

90 3809 247 3890 scriptam
274 3816 307 3871 et
340 3811 457 3874 vicario
487 3815 662 3891 parentem,
693 3827 753 3891 qno
782 3807 821 3868 dc
852 3805 947 3868 Notit
977 3803 1047 3884 imp.
1076 3804 1193 3867 orient.

89 3911 120 3952 c.
151 3896 216 3954 lea
234 3894 424 3975 exsequitur:
446 3899 510 3955 uun
522 3892 722 3956 Macedoniae
741 3896 772 3953 et
793 3889 906 3952 Daciae
926 3887 1078 3950 dioecesin
1102 3905 1193 3968 prae-

88 3977 180 4037 secto
202 3977 352 4056 praetorii
374 3977 491 4054 lllyrici
511 3976 710 4052 attributam3
732 3977 782 4037 cui
802 3991 899 4053 nuper
918 3991 938 4034 a
955 3971 1122 4034 lrrstioiano
1143 3987 1193 4030 re-

87 4059 606 4222 {temolestus
624 4052 1193 4222 accessissetis

87 4227 227 4306 ciarum,
248 4236 310 4291 tun
322 4229 450 4292 Pontica
468 4225 593 4290 totidem
614 4226 852 4308 provinciarum,
874 4224 945 4286 dein
959 4220 1092 4284 (trientis
1116 4236 1190 4298 pro-

87 4309 222 4374 vinciae
241 4316 290 4393 la
315 4313 438 4376 taudem
459 4311 626 4395 Aegyptus,
649 4327 776 4392 prorsus
797 4315 830 4372 ut
850 4307 1009 4372 inNotitia
1029 4303 1099 4384 imp.
1121 4301 1191 4364 ori·
