3067 4867
482 216 541 285 DE
565 215 834 287 munimus
859 218 939 289 alu.
963 220 990 289 1.
1231 220 1280 295 43

179 412 235 455 ται
254 390 317 454 τοῖν
336 386 487 455 Αἰολέων.
537 389 577 455 τά
600 390 635 455 δέ
655 391 789 457 ἐπέκεινα
806 386 933 471 τοάτων,
967 390 1032 457 dud
1049 398 1104 459 τοῦ
1122 396 1281 481 λεγομένου

180 494 309 556 Λεκτοῦ
323 493 375 556 καὶ
389 493 446 569 tog
458 490 591 575 Ἀδάδου
609 496 660 558 καὶ
677 496 772 579 αῦτής
785 497 998 581 Προποντίδος
1013 499 1063 561 καὶ
1083 498 1171 583 μέχρι
1186 500 1282 579 Καζέ-

179 619 238 661 κου
259 596 311 659 καὶ
332 601 388 660 τοῦ
407 602 547 678 ποταμοῦ
569 603 624 662 τοῦ
647 598 808 683 λεγομένου
827 600 860 661 Γ
856 600 1000 685 ρανέκου,
1029 596 1139 678 πάντες
1152 604 1281 690 Γραικοὶ

178 696 380 781 ὀνομάζονται
404 702 456 763 καὶ
479 705 563 785 κοινῇ
579 698 724 789 διαλέκτῳ
735 707 887 787 χρῶνται,
916 700 995 786 πλὴν
1011 705 1203 783 Βυζαντίων,
1232 703 1280 772 δτι

152 800 329 887 5Δωριέων
357 802 438 867 ἐστὶν
462 804 597 868 ἀποικία.
653 808 896 892 προσῳκεέωνται
921 806 955 870 δὲ
975 812 1020 892 τῷ
1044 815 1204 897 στρατηγῷ
1226 814 1280 874 τοῦ

176 904 315 989 Αἷγαέου
343 901 493 989 πελάγους
521 908 557 969 αλ
574 930 606 971 τε
626 905 788 986 Κυκλάδες
810 914 896 991 νῆσοι
917 905 1117 991 καλούμεναι,
1150 912 1281 977 καὶτῶν

178 1003 364 1095 Σποράδων,
394 998 436 1073 ὧν
456 1008 646 1095 προέχουσιν,
674 1010 695 1094 ή
709 1036 740 1079 τε
756 1008 923 1095 Μιτυλήνη
939 1014 989 1077 καὶ
1006 1012 1085 1091 Χέος
1099 1016 1150 1079 καὶ
1167 1011 1280 1098 αῦτήή

175 1112 321 1197 Λῆμνος.
361 1109 417 1175 οῦκ
432 1114 488 1177 eloi
503 1112 538 1177 δὲ
550 1118 611 1178 τῶν
624 1113 796 1209 Ιξυκλάδων
810 1113 889 1179 ἀλλὰ
905 1120 966 1180 τῶν
980 1112 1150 1201 Σποράδων
1166 1122 1280 1183 καλου-

177 1214 292 1295 μένων·
318 1212 351 1277 αλ
370 1213 430 1300 γάρ
444 1211 603 1292 Κυκλάδες
616 1216 724 1298 Δῆλον
739 1217 795 1302 τήν
811 1224 903 1303 νῆσον
918 1214 1102 1300 ἐκύκλωσαν,
1129 1216 1172 1298 ὡς
1187 1222 1281 1309 φησὶν

134 1313 198 1382 tud
212 1315 395 1404 περιηγητὴς
406 1315 571 1396 Διονάσιος
576 1366 588 1399 ,

307 1454 413 1537 Δῆλον
428 1452 652 1535 έκυκλάσαντο,
677 1452 860 1540 καλοῦνομα
871 1453 1032 1536 Κυκλάδες
1048 1458 1131 1523 εἰσίν.
1294 1456 1369 1513 Pte

176 1595 342 1658 antoninae
357 1592 391 1657 δέ
411 1588 572 1680 διαφόροις
592 1588 738 1675 δνάμασι,
762 1596 896 1678 Λῆμνος
908 1598 1030 1681 Σκῦρος
1041 1598 1157 1677 Μῆλος
1167 1592 1280 1676 Ἀμολ-

175 1695 232 1780 γδς
249 1692 342 1783 Θήρα
361 1694 505 1782 Θήρασέα
520 1698 572 1761 καλ
583 1693 711 1780 Ῥήνεια.
762 1696 818 1762 οῦκ
841 1693 911 1761 ολδα
931 1698 966 1764 δὲ
983 1700 1009 1762 εδ
1030 1704 1090 1763 τῶν
1107 1694 1279 1762 Κυκλάδων

177 1800 236 1865 εἰσὶ
250 1805 347 1865 πᾶσαι
366 1798 417 1863 διά
433 1798 468 1864 τὸ
485 1795 560 1864 εἶναι
577 1798 674 1876 αῦτδς
689 1800 867 1886 προσγεέους
881 1800 931 1863 καλ
950 1806 988 1886 τῇ
999 1796 1131 1865 Ἑλλάδι
1146 1814 1279 1882 συνομο-

131 1914 169 1970 15
178 1898 302 1987 ροῦσας.
353 1900 389 1967 τὸ
405 1902 439 1967 δὲ
453 1906 585 1987 Λδγαῖον
600 1902 731 1987 πέλαγος
740 1898 920 1989 βαρδπλουν
935 1904 997 1969 iuri
1012 1903 1064 1967 καὶ
1080 1902 1278 1987 δυσπέρατον,

175 2008 228 2071 καὶ
243 2002 366 2087 κάματα
379 2005 485 2091 μακρὰ
500 2008 550 2071 καλ
565 2002 666 2091 ὄρεσιν
679 2002 798 2071 έοικάτα
808 2015 1038 2092 προσανεγεῖρον
1051 2014 1115 2083 τοῖς
1125 2006 1277 2083 πλέουσιν,

179 2108 238 2174 εἴτε
254 2108 308 2174 διὰ
323 2107 359 2174 od
380 2109 493 2175 πυκνδν
512 2114 573 2175 τῶν
587 2106 698 2193 νήσων,
728 2108 785 2174 εἴτε
801 2111 852 2173 καὶ
868 2107 920 2173 διά
934 2108 969 2173 td
987 2108 1084 2197 ῥεῦμα
1096 2115 1153 2173 τοῦ
1166 2106 1277 2174 πόντου

175 2210 211 2277 τὸ
225 2217 411 2294 καταβαῖνον
427 2215 470 2289 εἷς
485 2209 617 2293 Ἄβυδον
631 2213 682 2277 καὶ
698 2209 989 2299 προσαρασσόμενον
1002 2221 1068 2290 ταῖς
1082 2209 1185 2295 νήσοις
1198 2210 1277 2297 μετὰ

174 2313 309 2400 μεγάλου
324 2312 516 2401 ῥοιζήματος.
565 2314 626 2381 dud
645 2315 679 2379 δέ
693 2320 748 2379 τοῦ
762 2317 889 2383 Λεκτοῦ
912 2318 963 2379 καλ
986 2315 1043 2391 λ’ως
1059 2322 1114 2399 τῆς
1129 2318 1276 2399 Προπον-

127 2420 261 2495 midae
277 2424 334 2500 τῆς
350 2442 383 2483 τε
402 2419 536 2497 Κυζίκου
557 2420 609 2483 καλ
630 2425 686 2484 τοῦ
704 2420 847 2503 Παριόυ,
877 2420 929 2483 καὶ
947 2416 1039 2495 αὐτὸς
1056 2414 1072 2482 ὃ
1091 2416 1276 2501 καλούμενος

170 2518 433 2605 Ἕλλήσποντοςή
448 2546 481 2586 τε
492 2517 721 2608 Προικόνησος,
755 2523 807 2587 καὶ
826 2520 917 2607 μέχρι
931 2526 985 2585 τοῦ
996 2518 1162 2587 Ῥυνδακοῦ
1178 2546 1275 2607 πρτα-

241 2697 433 2766 ΞΣηστοῦῦ
509 2692 674 2753 idione
741 2694 1088 2765 θνήτωτήνάῆλονν
1158 2698 1274 2753 lodou-

241 2763 345 2892 {el'oponp
357 2784 407 2890 epp¹
417 2768 450 2889 ἵ)
519 2766 553 2822 13
567 2767 696 2835 θησίαῦ
773 2768 806 2823 16
823 2762 965 2836 oivartum
982 2766 1008 2819 V
1076 2766 1110 2825 tt
1126 2763 1174 2821 καλ
1192 2768 1274 2821 oruc

172 2989 283 3044 Aeolon
303 2989 419 3044 dialecto
440 2998 561 3046 utuntur.
592 2988 720 3044 ulteriora
739 2989 781 3043 λῖν
805 3007 822 3043 a
843 2988 925 3043 teate
948 2994 976 3043 et
995 3004 1079 3057 neque
1102 2987 1221 3055 Abydum
1246 2994 1275 3043 et

173 3058 183 3111 i
234 3077 259 3112 ru
275 3060 461 3131 Propontidem
478 3068 507 3113 et
525 3060 651 3129 Cyzicum
669 3068 697 3112 et
711 3060 809 3113 flumen
826 3057 969 3112 Granicum
985 3057 1158 3127 appellatura,
1184 3073 1274 3109 ennea
1388 3072 1391 3077 ·

172 3077 275 3182 &ieci
292 3138 421 3183 vocantur
436 3138 465 3181 et
479 3130 608 3183 oumtnnni
624 3136 733 3181 utuntur
748 3126 875 3193 dialecto,
899 3125 1017 3197 exceptio
1034 3126 1185 3195 Byzantiis,
1211 3125 1275 3193 qula

171 3196 275 3250 Doruru
291 3204 333 3251 eet
348 3197 460 3251 colonia.
495 3199 630 3269 pertinent
652 3207 737 3251 autern
760 3197 794 3250 ed
811 3196 911 3265 Aegaei
929 3194 1007 3248 marie
1049 3196 1222 3249 raeieeturuur
1245 3203 1274 3248 et

171 3265 277 3319 insulae
294 3266 424 3336 oydelo
439 3277 614 3351 nuncupatae,
639 3276 668 3320 et
684 3285 718 3319 ex
735 3266 898 3337 Sporadibue
915 3281 983 3336 quaa
999 3214 1114 3334 reiiquea
1132 3264 1271 3331 excellunt,

171 3334 306 3404 Mitylene
329 3344 355 3389 et
371 3336 455 3389 Chius
478 3344 505 3389 et
528 3354 587 3407 rpea
603 3336 724 3391 boronus.
759 3351 845 3405 neque
863 3334 930 3387 enim
948 3341 1009 3387 eunt
1026 3334 1076 3388 hae
1096 3352 1127 3388 ex
1146 3334 1271 3404 Cycladi-

171 3406 232 3471 bue,
250 3405 298 3458 aed
316 3422 349 3457 ex
365 3406 398 3458 iia
417 3422 484 3474 quae
500 3404 634 3477 Sporades
650 3404 829 3474 appellantur:
854 3403 985 3473 Cyclades
1002 3405 1070 3457 enim
1086 3404 1180 3459 Delum
1196 3403 1271 3459 inau-

171 3472 224 3527 lam
240 3474 269 3527 in
285 3476 375 3528 orbem
392 3475 507 3543 cingunt,
531 3483 560 3528 ut
577 3474 616 3529 ait
631 3474 776 3543 Dionysiae
792 3472 961 3541 Periegeteee

379 3576 472 3636 Delum
491 3576 630 3631 cinxerunt
646 3584 675 3631 et
690 3575 822 3645 Cyclades
839 3574 1013 3649 appellantur.

167 3680 256 3734 variis
278 3687 365 3733 auten
389 3680 440 3734 uae
466 3697 498 3734 ao
519 3679 633 3734 divertio
655 3679 820 3750 appellantur
844 3678 1006 3746 nominibus,
1033 3678 1148 3733 Lemnua
1170 3678 1271 3747 Scyrus

167 3750 258 3804 Melae
275 3748 399 3816 Anolgue
416 3749 508 3802 Thera
524 3748 655 3803 'l'lteraeia
672 3758 700 3802 et
715 3749 840 3801 Rhenear
868 3765 953 3817 neque
970 3757 1057 3803 temen
1069 3747 1124 3801 auio
1136 3766 1170 3801 an
1182 3764 1271 3801 omnen

168 3818 316 3887 Cycladum
327 3818 390 3887 rint,
409 3818 478 3887 quod
495 3818 572 3889 iprae
587 3818 642 3872 tint
658 3826 745 3871 tarrae
762 3816 896 3889 proximae
908 3824 988 3886 atque
999 3816 1104 3871 Helladi
1121 3818 1270 3884 oontiguae.

167 3897 214 3941 eat
235 3896 322 3941 autern
344 3888 475 3957 Aegaeona
499 3905 570 3941 ruere
593 3887 720 3955 navigata
743 3896 771 3940 et
791 3886 904 3940 traiectu
928 3903 1053 3955 perquam
1078 3886 1201 3939 difficile:
1227 3885 1269 3937 in·

165 3965 263 4026 genten
281 3956 351 4009 enirn
367 3972 400 4009 ae
416 3956 572 4009 decumanae
588 3958 683 4010 fluctus
700 3955 798 4023 volvit,
825 3955 871 4025 qui
887 3954 1072 4024 navigantibus
1087 3954 1210 4008 montium
1227 3954 1269 4005 iu-

165 4034 227 4079 otar
243 4033 394 4094 ureurgunt,
413 4025 456 4079 vel
472 4026 507 4079 ob
522 4026 676 4079 denuitatem
694 4043 726 4079 aa
741 4024 916 4093 frequentiam
932 4024 1082 4091 intuleram,
1101 4022 1142 4075 vel
1161 4031 1270 4105 propter

166 4094 249 4147 Ponti
266 4094 294 4147 in
306 4095 427 4163 Abydum
443 4095 584 4162 defluxum,
603 4095 648 4164 qni
666 4112 761 4163 magno
778 4094 875 4215 impetn
892 4094 920 4147 in
938 4093 985 4147 lruu
1001 4092 1099 4145 insulae
1118 4092 1202 4145 lertur
1215 4109 1267 4145 ora·

166 4180 223 4234 que
238 4164 359 4219 illiditur.
395 4164 512 4217 abacto
538 4181 600 4217 vero
627 4166 660 4217 ad
677 4162 805 4233 Proponti
825 4180 864 4216 ern
881 4178 964 4233 neque
981 4170 1009 4215 ot
1029 4161 1154 4227 Cyzicum
1173 4168 1199 4213 et
1217 4160 1267 4213 Pa-

164 4233 246 4300 rion,
262 4242 343 4305 etque
359 4233 426 4287 adeo
445 4232 504 4304 ipeo
519 4232 708 4304 Hellespontus
726 4240 755 4287 et
770 4233 961 4302 Proeoouerua,
978 4232 1012 4286 ad
1029 4229 1200 4299 Rhyndacum
1216 4230 1267 4285 llu-
