<?xml version="1.0" encoding="UTF-8"?>
<!DOCTYPE html PUBLIC "-//W3C//DTD XHTML 1.0 Transitional//EN"
    "http://www.w3.org/TR/xhtml1/DTD/xhtml1-transitional.dtd">
<html xmlns="http://www.w3.org/1999/xhtml" xml:lang="en" lang="en">
 <head>
  <title>
</title>
<meta http-equiv="Content-Type" content="text/html;charset=utf-8" />
  <meta name='ocr-system' content='tesseract 3.04.00' />
  <meta name='ocr-capabilities' content='ocr_page ocr_carea ocr_par ocr_line ocrx_word'/>
</head>
<body>
  <div class='ocr_page' id='page_1' title='image "./corpusscriptoru00unkngoog/corpusscriptoru00unkngoog_0508.png"; bbox 0 0 3067 4867; ppageno 0'>
   <div class='ocr_carea' id='block_1_1' title="bbox 252 320 1155 395">
    <p class='ocr_par' dir='ltr' id='par_1_1' title="bbox 252 320 1155 395">
     <span class='ocr_line' id='line_1_1' title="bbox 252 320 1155 395; baseline -0.004 0"><span class='ocrx_word' id='word_1_1' title='bbox 252 328 296 395; x_wconf 78' lang='lat' dir='ltr'><strong>tit</strong></span> <span class='ocrx_word' id='word_1_2' title='bbox 326 325 605 393; x_wconf 75' lang='lat' dir='ltr'><strong>SYNECDEMUM</strong></span> <span class='ocrx_word' id='word_1_3' title='bbox 632 324 969 395; x_wconf 73' lang='lat' dir='ltr'>COMMENTARIUS.</span> <span class='ocrx_word' id='word_1_4' title='bbox 1085 320 1155 393; x_wconf 80' lang='lat'><strong>501</strong></span> 
     </span>
    </p>
   </div>
   <div class='ocr_carea' id='block_1_2' title="bbox 77 492 1164 2920">
    <p class='ocr_par' dir='ltr' id='par_1_2' title="bbox 77 492 1164 2920">
     <span class='ocr_line' id='line_1_2' title="bbox 77 492 1162 591; baseline -0.001 -22"><span class='ocrx_word' id='word_1_5' title='bbox 77 506 139 588; x_wconf 71' lang='grc' dir='ltr'><strong>χῶν</strong></span> <span class='ocrx_word' id='word_1_6' title='bbox 159 501 245 587; x_wconf 68' lang='lat' dir='ltr'><strong>ripale,</strong></span> <span class='ocrx_word' id='word_1_7' title='bbox 265 506 363 591; x_wconf 80' lang='lat' dir='ltr'><strong>inquit</strong></span> <span class='ocrx_word' id='word_1_8' title='bbox 375 506 526 589; x_wconf 80' lang='lat' dir='ltr'><strong>eplamiae</strong></span> <span class='ocrx_word' id='word_1_9' title='bbox 543 506 686 591; x_wconf 77' lang='lat' dir='ltr'><strong>scriptor,</strong></span> <span class='ocrx_word' id='word_1_10' title='bbox 704 505 817 585; x_wconf 67' lang='grc' dir='ltr'><strong>γείτων</strong></span> <span class='ocrx_word' id='word_1_11' title='bbox 836 492 988 585; x_wconf 69' lang='grc' dir='ltr'><strong>πότιμός,</strong></span> <span class='ocrx_word' id='word_1_12' title='bbox 1000 500 1162 586; x_wconf 56' lang='lat' dir='ltr'><strong>belliricum</strong></span> 
     </span>
     <span class='ocr_line' id='line_1_3' title="bbox 77 582 1162 677; baseline 0.001 -27"><span class='ocrx_word' id='word_1_13' title='bbox 77 593 131 651; x_wconf 82' lang='grc' dir='ltr'><strong>ιιὲν</strong></span> <span class='ocrx_word' id='word_1_14' title='bbox 154 589 189 652; x_wconf 73' lang='lat' dir='ltr'><strong>dne</strong></span> <span class='ocrx_word' id='word_1_15' title='bbox 210 590 265 670; x_wconf 77' lang='grc' dir='ltr'><strong>τῆς</strong></span> <span class='ocrx_word' id='word_1_16' title='bbox 286 590 349 651; x_wconf 73' lang='grc' dir='ltr'><strong>τῶν</strong></span> <span class='ocrx_word' id='word_1_17' title='bbox 364 586 550 671; x_wconf 75' lang='grc' dir='ltr'><em>Ἀρμενίων,</em></span> <span class='ocrx_word' id='word_1_18' title='bbox 570 587 816 668; x_wconf 71' lang='grc' dir='ltr'><strong>ἑμβιβαζὸμινος</strong></span> <span class='ocrx_word' id='word_1_19' title='bbox 839 588 876 653; x_wconf 76' lang='lat' dir='ltr'><strong>di</strong></span> <span class='ocrx_word' id='word_1_20' title='bbox 896 590 931 651; x_wconf 73' lang='grc' dir='ltr'><strong>ἐν</strong></span> <span class='ocrx_word' id='word_1_21' title='bbox 944 589 985 669; x_wconf 81' lang='grc' dir='ltr'><strong>τῇ</strong></span> <span class='ocrx_word' id='word_1_22' title='bbox 1005 582 1162 677; x_wconf 73' lang='grc' dir='ltr'><strong>ἱερωτάτῃ</strong></span> 
     </span>
     <span class='ocr_line' id='line_1_4' title="bbox 77 670 1160 757; baseline 0.006 -24"><span class='ocrx_word' id='word_1_23' title='bbox 77 670 164 756; x_wconf 73' lang='grc' dir='ltr'><strong>ιίμιῃ</strong></span> <span class='ocrx_word' id='word_1_24' title='bbox 184 673 247 734; x_wconf 75' lang='lat' dir='ltr'><strong>ecio</strong></span> <span class='ocrx_word' id='word_1_25' title='bbox 259 672 465 753; x_wconf 68' lang='grc' dir='ltr'><em>Σεβαστηνῶν</em></span> <span class='ocrx_word' id='word_1_26' title='bbox 485 693 517 735; x_wconf 82' lang='grc' dir='ltr'><strong>κ.</strong></span> <span class='ocrx_word' id='word_1_27' title='bbox 536 676 565 734; x_wconf 79' lang='lat' dir='ltr'><strong>t.</strong></span> <span class='ocrx_word' id='word_1_28' title='bbox 605 682 699 757; x_wconf 72' lang='lat' dir='ltr'><strong>atque</strong></span> <span class='ocrx_word' id='word_1_29' title='bbox 717 673 777 737; x_wconf 89' lang='lat' dir='ltr'><strong>boc</strong></span> <span class='ocrx_word' id='word_1_30' title='bbox 800 692 869 737; x_wconf 87' lang='lat' dir='ltr'><strong>curn</strong></span> <span class='ocrx_word' id='word_1_31' title='bbox 889 674 1044 737; x_wconf 88' lang='lat' dir='ltr'><strong>Strabone</strong></span> <span class='ocrx_word' id='word_1_32' title='bbox 1068 680 1108 737; x_wconf 73' lang='lat'><strong>12</strong></span> <span class='ocrx_word' id='word_1_33' title='bbox 1128 682 1160 755; x_wconf 84' lang='lat' dir='ltr'><strong>p.</strong></span> 
     </span>
     <span class='ocr_line' id='line_1_5' title="bbox 77 756 1160 841; baseline 0 -20"><span class='ocrx_word' id='word_1_34' title='bbox 77 762 135 821; x_wconf 74' lang='lat' dir='ltr'><strong>blo</strong></span> <span class='ocrx_word' id='word_1_35' title='bbox 156 759 233 821; x_wconf 92' lang='lat' dir='ltr'><strong>bene</strong></span> <span class='ocrx_word' id='word_1_36' title='bbox 250 759 328 821; x_wconf 85' lang='lat' dir='ltr'><strong>satis</strong></span> <span class='ocrx_word' id='word_1_37' title='bbox 346 757 506 821; x_wconf 83' lang='lat' dir='ltr'><strong>convenit:</strong></span> <span class='ocrx_word' id='word_1_38' title='bbox 532 756 643 835; x_wconf 84' lang='lat' dir='ltr'><strong>llalym</strong></span> <span class='ocrx_word' id='word_1_39' title='bbox 666 757 745 820; x_wconf 90' lang='lat' dir='ltr'><strong>enim</strong></span> <span class='ocrx_word' id='word_1_40' title='bbox 765 774 806 821; x_wconf 88' lang='lat' dir='ltr'><strong>ex</strong></span> <span class='ocrx_word' id='word_1_41' title='bbox 827 774 942 841; x_wconf 80' lang='lat' dir='ltr'><strong>magna</strong></span> <span class='ocrx_word' id='word_1_42' title='bbox 962 756 1160 839; x_wconf 69' lang='lat' dir='ltr'><strong>Cappadocia</strong></span> 
     </span>
     <span class='ocr_line' id='line_1_6' title="bbox 77 840 1161 923; baseline -0.001 -18"><span class='ocrx_word' id='word_1_43' title='bbox 77 841 154 905; x_wconf 87' lang='lat' dir='ltr'><strong>circa</strong></span> <span class='ocrx_word' id='word_1_44' title='bbox 166 840 394 921; x_wconf 75' lang='lat' dir='ltr'><strong>Cambyseuem,</strong></span> <span class='ocrx_word' id='word_1_45' title='bbox 407 841 573 905; x_wconf 72' lang='lat' dir='ltr'><strong>Armeniae</strong></span> <span class='ocrx_word' id='word_1_46' title='bbox 591 841 807 917; x_wconf 79' lang='lat' dir='ltr'><strong>matributam,</strong></span> <span class='ocrx_word' id='word_1_47' title='bbox 823 842 952 904; x_wconf 86' lang='lat' dir='ltr'><strong>derivat</strong></span> <span class='ocrx_word' id='word_1_48' title='bbox 995 858 1052 904; x_wconf 90' lang='lat' dir='ltr'><strong>nec</strong></span> <span class='ocrx_word' id='word_1_49' title='bbox 1066 842 1161 923; x_wconf 76' lang='lat' dir='ltr'><strong>longe</strong></span> 
     </span>
     <span class='ocr_line' id='line_1_7' title="bbox 77 912 1162 1005; baseline -0.002 -18"><span class='ocrx_word' id='word_1_50' title='bbox 77 924 173 988; x_wconf 86' lang='lat' dir='ltr'><strong>aberit</strong></span> <span class='ocrx_word' id='word_1_51' title='bbox 190 924 365 987; x_wconf 80' lang='lat' dir='ltr'><strong>Herodotus</strong></span> <span class='ocrx_word' id='word_1_52' title='bbox 385 930 405 988; x_wconf 90' lang='lat'><strong>1</strong></span> <span class='ocrx_word' id='word_1_53' title='bbox 426 930 478 1005; x_wconf 69' lang='lat' dir='ltr'><strong>tt,</strong></span> <span class='ocrx_word' id='word_1_54' title='bbox 498 925 527 989; x_wconf 87' lang='lat' dir='ltr'><strong>si</strong></span> <span class='ocrx_word' id='word_1_55' title='bbox 545 942 604 1005; x_wconf 89' lang='lat' dir='ltr'><strong>per</strong></span> <span class='ocrx_word' id='word_1_56' title='bbox 621 912 786 1003; x_wconf 70' lang='grc' dir='ltr'><strong>Ἀρμένιοι</strong></span> <span class='ocrx_word' id='word_1_57' title='bbox 808 912 879 1003; x_wconf 75' lang='lat' dir='ltr'><strong>ipsc</strong></span> <span class='ocrx_word' id='word_1_58' title='bbox 899 928 1030 988; x_wconf 82' lang='lat' dir='ltr'><strong>montem</strong></span> <span class='ocrx_word' id='word_1_59' title='bbox 1052 924 1162 987; x_wconf 84' lang='lat' dir='ltr'><strong>Arme-</strong></span> 
     </span>
     <span class='ocr_line' id='line_1_8' title="bbox 77 1006 1161 1090; baseline 0.002 -21"><span class='ocrx_word' id='word_1_60' title='bbox 77 1008 142 1071; x_wconf 86' lang='lat' dir='ltr'><strong>niae</strong></span> <span class='ocrx_word' id='word_1_61' title='bbox 161 1008 360 1073; x_wconf 84' lang='lat' dir='ltr'><strong>intellexerit.</strong></span> <span class='ocrx_word' id='word_1_62' title='bbox 381 1009 496 1090; x_wconf 85' lang='lat' dir='ltr'><strong>optimc</strong></span> <span class='ocrx_word' id='word_1_63' title='bbox 515 1025 592 1071; x_wconf 83' lang='lat' dir='ltr'><strong>vero</strong></span> <span class='ocrx_word' id='word_1_64' title='bbox 611 1026 680 1071; x_wconf 86' lang='lat' dir='ltr'><strong>cunr</strong></span> <span class='ocrx_word' id='word_1_65' title='bbox 703 1006 859 1089; x_wconf 74' lang='lat' dir='ltr'><strong>Gregorio</strong></span> <span class='ocrx_word' id='word_1_66' title='bbox 879 1008 1019 1085; x_wconf 84' lang='lat' dir='ltr'><strong>Nysseno</strong></span> <span class='ocrx_word' id='word_1_67' title='bbox 1042 1008 1161 1090; x_wconf 85' lang='lat' dir='ltr'><strong>episto-</strong></span> 
     </span>
     <span class='ocr_line' id='line_1_9' title="bbox 77 1090 1161 1174; baseline 0 -21"><span class='ocrx_word' id='word_1_68' title='bbox 77 1092 123 1155; x_wconf 89' lang='lat' dir='ltr'><strong>lae</strong></span> <span class='ocrx_word' id='word_1_69' title='bbox 141 1098 251 1155; x_wconf 87' lang='lat' dir='ltr'><strong>auctor</strong></span> <span class='ocrx_word' id='word_1_70' title='bbox 282 1092 452 1171; x_wconf 87' lang='lat' dir='ltr'><strong>consentit,</strong></span> <span class='ocrx_word' id='word_1_71' title='bbox 475 1092 527 1174; x_wconf 80' lang='lat' dir='ltr'><strong>qui</strong></span> <span class='ocrx_word' id='word_1_72' title='bbox 554 1096 635 1157; x_wconf 80' lang='lat' dir='ltr'><strong>orat.</strong></span> <span class='ocrx_word' id='word_1_73' title='bbox 657 1090 729 1156; x_wconf 89' lang='lat' dir='ltr'><strong>lin</strong></span> <span class='ocrx_word' id='word_1_74' title='bbox 749 1094 793 1154; x_wconf 78' lang='lat'><strong>4⁰</strong></span> <span class='ocrx_word' id='word_1_75' title='bbox 820 1091 952 1167; x_wconf 85' lang='lat' dir='ltr'><strong>blartyr.</strong></span> <span class='ocrx_word' id='word_1_76' title='bbox 972 1091 1161 1156; x_wconf 72' lang='lat' dir='ltr'>sebastenus</span> 
     </span>
     <span class='ocr_line' id='line_1_10' title="bbox 77 1164 1162 1255; baseline -0.006 -17"><span class='ocrx_word' id='word_1_77' title='bbox 77 1194 101 1255; x_wconf 90' lang='lat' dir='ltr'><strong>p.</strong></span> <span class='ocrx_word' id='word_1_78' title='bbox 114 1178 196 1239; x_wconf 78' lang='lat'><strong>501:</strong></span> <span class='ocrx_word' id='word_1_79' title='bbox 218 1172 332 1235; x_wconf 74' lang='lat' dir='ltr'><strong>sericea</strong></span> <span class='ocrx_word' id='word_1_80' title='bbox 349 1170 434 1254; x_wconf 61' lang='grc' dir='ltr'><strong>λέγω</strong></span> <span class='ocrx_word' id='word_1_81' title='bbox 449 1171 502 1238; x_wconf 77' lang='grc' dir='ltr'><strong>τὸν</strong></span> <span class='ocrx_word' id='word_1_82' title='bbox 518 1171 643 1253; x_wconf 77' lang='lat' dir='ltr'><strong>yss&#39;rcra</strong></span> <span class='ocrx_word' id='word_1_83' title='bbox 662 1164 814 1253; x_wconf 78' lang='grc' dir='ltr'><strong><em>ποταμόν,</em></strong></span> <span class='ocrx_word' id='word_1_84' title='bbox 836 1166 871 1243; x_wconf 76' lang='grc' dir='ltr'><strong>ὃς</strong></span> <span class='ocrx_word' id='word_1_85' title='bbox 893 1166 949 1233; x_wconf 69' lang='lat' dir='ltr'><strong>cal</strong></span> <span class='ocrx_word' id='word_1_86' title='bbox 970 1168 1006 1235; x_wconf 80' lang='lat' dir='ltr'><strong>rb</strong></span> <span class='ocrx_word' id='word_1_87' title='bbox 1028 1172 1162 1253; x_wconf 72' lang='grc' dir='ltr'><strong>μέγεθος</strong></span> 
     </span>
     <span class='ocr_line' id='line_1_11' title="bbox 77 1250 1162 1337; baseline 0.001 -21"><span class='ocrx_word' id='word_1_88' title='bbox 77 1262 135 1327; x_wconf 70' lang='grc' dir='ltr'><strong>τοῖς</strong></span> <span class='ocrx_word' id='word_1_89' title='bbox 155 1253 342 1333; x_wconf 63' lang='lat' dir='ltr'><strong>imponeret:</strong></span> <span class='ocrx_word' id='word_1_90' title='bbox 371 1256 436 1318; x_wconf 74' lang='lat' dir='ltr'><strong>roda</strong></span> <span class='ocrx_word' id='word_1_91' title='bbox 462 1253 543 1318; x_wconf 75' lang='grc' dir='ltr'><strong>κατὰ</strong></span> <span class='ocrx_word' id='word_1_92' title='bbox 570 1250 628 1336; x_wconf 74' lang='grc' dir='ltr'><strong>τήν</strong></span> <span class='ocrx_word' id='word_1_93' title='bbox 653 1254 838 1337; x_wconf 70' lang='grc' dir='ltr'><strong>οἰκουμένην</strong></span> <span class='ocrx_word' id='word_1_94' title='bbox 857 1256 1011 1333; x_wconf 65' lang='lat' dir='ltr'><strong>accomoda</strong></span> <span class='ocrx_word' id='word_1_95' title='bbox 1032 1256 1162 1335; x_wconf 68' lang='grc' dir='ltr'><strong>ἐναρίθ-</strong></span> 
     </span>
     <span class='ocr_line' id='line_1_12' title="bbox 77 1330 1162 1423; baseline 0 -24"><span class='ocrx_word' id='word_1_96' title='bbox 77 1358 143 1412; x_wconf 74' lang='lat' dir='ltr'><strong>arcp</strong></span> <span class='ocrx_word' id='word_1_97' title='bbox 164 1330 216 1421; x_wconf 78' lang='grc' dir='ltr'><strong>ὤν,</strong></span> <span class='ocrx_word' id='word_1_98' title='bbox 237 1335 301 1401; x_wconf 74' lang='grc' dir='ltr'><strong>ἀπὸ</strong></span> <span class='ocrx_word' id='word_1_99' title='bbox 326 1338 384 1419; x_wconf 81' lang='grc' dir='ltr'><strong>τῆς</strong></span> <span class='ocrx_word' id='word_1_100' title='bbox 408 1335 563 1419; x_wconf 70' lang='grc' dir='ltr'><strong>ἡμετέρας</strong></span> <span class='ocrx_word' id='word_1_101' title='bbox 590 1332 766 1419; x_wconf 74' lang='grc' dir='ltr'><strong><em>ἀρχόμενος</em></strong></span> <span class='ocrx_word' id='word_1_102' title='bbox 788 1336 823 1399; x_wconf 71' lang='grc' dir='ltr'><strong>ἐν</strong></span> <span class='ocrx_word' id='word_1_103' title='bbox 841 1334 950 1423; x_wconf 79' lang='grc' dir='ltr'><strong><em>χρόνῳ</em></strong></span> <span class='ocrx_word' id='word_1_104' title='bbox 970 1340 1162 1419; x_wconf 74' lang='lat' dir='ltr'><strong>nspapm‘plo</strong></span> 
     </span>
     <span class='ocr_line' id='line_1_13' title="bbox 77 1414 1162 1508; baseline 0.004 -27"><span class='ocrx_word' id='word_1_105' title='bbox 77 1418 127 1499; x_wconf 68' lang='grc' dir='ltr'><strong>τὴν</strong></span> <span class='ocrx_word' id='word_1_106' title='bbox 147 1414 249 1483; x_wconf 74' lang='grc' dir='ltr'><strong>πόλιν.</strong></span> <span class='ocrx_word' id='word_1_107' title='bbox 290 1442 353 1487; x_wconf 89' lang='lat' dir='ltr'><strong>non</strong></span> <span class='ocrx_word' id='word_1_108' title='bbox 372 1422 428 1487; x_wconf 89' lang='lat' dir='ltr'><strong>ille</strong></span> <span class='ocrx_word' id='word_1_109' title='bbox 446 1423 567 1508; x_wconf 73' lang='lat' dir='ltr'><strong>quoidam</strong></span> <span class='ocrx_word' id='word_1_110' title='bbox 581 1424 693 1501; x_wconf 81' lang='lat' dir='ltr'><strong>llalynr</strong></span> <span class='ocrx_word' id='word_1_111' title='bbox 713 1422 870 1500; x_wconf 87' lang='lat' dir='ltr'><strong>nominat;</strong></span> <span class='ocrx_word' id='word_1_112' title='bbox 892 1424 946 1487; x_wconf 87' lang='lat' dir='ltr'><strong>sed</strong></span> <span class='ocrx_word' id='word_1_113' title='bbox 968 1442 1024 1487; x_wconf 89' lang='lat' dir='ltr'><strong>nec</strong></span> <span class='ocrx_word' id='word_1_114' title='bbox 1046 1424 1077 1487; x_wconf 89' lang='lat' dir='ltr'><strong>in</strong></span> <span class='ocrx_word' id='word_1_115' title='bbox 1096 1423 1162 1485; x_wconf 88' lang='lat' dir='ltr'><strong>lrln</strong></span> 
     </span>
     <span class='ocr_line' id='line_1_14' title="bbox 77 1505 1162 1590; baseline 0 -21"><span class='ocrx_word' id='word_1_116' title='bbox 77 1508 292 1588; x_wconf 76' lang='lat' dir='ltr'><strong>nequcbpcum</strong></span> <span class='ocrx_word' id='word_1_117' title='bbox 311 1506 467 1590; x_wconf 80' lang='lat' dir='ltr'><strong>quadrant</strong></span> <span class='ocrx_word' id='word_1_118' title='bbox 485 1525 565 1590; x_wconf 79' lang='lat' dir='ltr'><strong>quae</strong></span> <span class='ocrx_word' id='word_1_119' title='bbox 586 1507 626 1571; x_wconf 86' lang='lat' dir='ltr'><strong>de</strong></span> <span class='ocrx_word' id='word_1_120' title='bbox 646 1505 741 1570; x_wconf 77' lang='lat' dir='ltr'><strong>durio</strong></span> <span class='ocrx_word' id='word_1_121' title='bbox 753 1506 929 1586; x_wconf 72' lang='lat' dir='ltr'><strong>praedicatu</strong></span> <span class='ocrx_word' id='word_1_122' title='bbox 952 1514 1061 1571; x_wconf 85' lang='lat' dir='ltr'><strong>neuter</strong></span> <span class='ocrx_word' id='word_1_123' title='bbox 1082 1506 1162 1569; x_wconf 84' lang='lat' dir='ltr'><strong>enlm</strong></span> 
     </span>
     <span class='ocr_line' id='line_1_15' title="bbox 77 1587 1161 1673; baseline 0.001 -21"><span class='ocrx_word' id='word_1_124' title='bbox 77 1607 134 1652; x_wconf 76' lang='lat' dir='ltr'><strong>am</strong></span> <span class='ocrx_word' id='word_1_125' title='bbox 153 1591 244 1673; x_wconf 73' lang='lat' dir='ltr'><strong>lange</strong></span> <span class='ocrx_word' id='word_1_126' title='bbox 258 1596 291 1653; x_wconf 90' lang='lat' dir='ltr'><strong>et</strong></span> <span class='ocrx_word' id='word_1_127' title='bbox 310 1591 411 1672; x_wconf 88' lang='lat' dir='ltr'><strong>ample</strong></span> <span class='ocrx_word' id='word_1_128' title='bbox 429 1591 519 1668; x_wconf 63' lang='lat' dir='ltr'><strong>drmit</strong></span> <span class='ocrx_word' id='word_1_129' title='bbox 538 1596 573 1653; x_wconf 82' lang='lat' dir='ltr'><strong>rt</strong></span> <span class='ocrx_word' id='word_1_130' title='bbox 591 1608 660 1655; x_wconf 88' lang='lat' dir='ltr'><strong>cum</strong></span> <span class='ocrx_word' id='word_1_131' title='bbox 679 1587 879 1655; x_wconf 70' lang='lat' dir='ltr'><strong>nobilissimis</strong></span> <span class='ocrx_word' id='word_1_132' title='bbox 899 1590 984 1654; x_wconf 83' lang='lat' dir='ltr'><strong>orbis</strong></span> <span class='ocrx_word' id='word_1_133' title='bbox 1007 1596 1161 1653; x_wconf 88' lang='lat' dir='ltr'><strong>terrarum</strong></span> 
     </span>
     <span class='ocr_line' id='line_1_16' title="bbox 77 1671 1159 1757; baseline 0.002 -22"><span class='ocrx_word' id='word_1_134' title='bbox 77 1671 170 1736; x_wconf 86' lang='lat' dir='ltr'><strong>iuriis</strong></span> <span class='ocrx_word' id='word_1_135' title='bbox 193 1673 336 1737; x_wconf 84' lang='lat' dir='ltr'><strong>contendi</strong></span> <span class='ocrx_word' id='word_1_136' title='bbox 357 1673 464 1754; x_wconf 86' lang='lat' dir='ltr'><strong>possit.</strong></span> <span class='ocrx_word' id='word_1_137' title='bbox 504 1674 539 1737; x_wconf 90' lang='lat' dir='ltr'><strong>in</strong></span> <span class='ocrx_word' id='word_1_138' title='bbox 558 1674 670 1751; x_wconf 85' lang='lat' dir='ltr'><strong>llalym</strong></span> <span class='ocrx_word' id='word_1_139' title='bbox 691 1674 857 1739; x_wconf 84' lang='lat' dir='ltr'><strong>convenire</strong></span> <span class='ocrx_word' id='word_1_140' title='bbox 876 1692 966 1739; x_wconf 88' lang='lat' dir='ltr'><strong>nemo</strong></span> <span class='ocrx_word' id='word_1_141' title='bbox 986 1674 1159 1757; x_wconf 76' lang='lat' dir='ltr'><strong>negaverit</strong></span> 
     </span>
     <span class='ocr_line' id='line_1_17' title="bbox 77 1755 1161 1839; baseline 0 -20"><span class='ocrx_word' id='word_1_142' title='bbox 77 1774 110 1819; x_wconf 85' lang='lat' dir='ltr'><strong>ne</strong></span> <span class='ocrx_word' id='word_1_143' title='bbox 130 1757 231 1821; x_wconf 90' lang='lat' dir='ltr'><strong>dicam</strong></span> <span class='ocrx_word' id='word_1_144' title='bbox 258 1757 376 1821; x_wconf 77' lang='lat' dir='ltr'><strong>auibus</strong></span> <span class='ocrx_word' id='word_1_145' title='bbox 410 1757 594 1821; x_wconf 83' lang='lat' dir='ltr'><strong>auctoritate</strong></span> <span class='ocrx_word' id='word_1_146' title='bbox 624 1758 742 1839; x_wconf 84' lang='lat' dir='ltr'><strong>liquere</strong></span> <span class='ocrx_word' id='word_1_147' title='bbox 760 1755 935 1821; x_wconf 84' lang='lat' dir='ltr'><strong>Sebastiam</strong></span> <span class='ocrx_word' id='word_1_148' title='bbox 955 1758 1039 1836; x_wconf 71' lang='lat' dir='ltr'><strong>lyco</strong></span> <span class='ocrx_word' id='word_1_149' title='bbox 1061 1758 1161 1821; x_wconf 80' lang='lat' dir='ltr'><strong>brisso</strong></span> 
     </span>
     <span class='ocr_line' id='line_1_18' title="bbox 77 1839 1160 1922; baseline 0.001 -21"><span class='ocrx_word' id='word_1_150' title='bbox 77 1840 260 1920; x_wconf 73' lang='lat' dir='ltr'><strong>appositam,</strong></span> <span class='ocrx_word' id='word_1_151' title='bbox 286 1840 374 1903; x_wconf 79' lang='lat' dir='ltr'><strong>curius</strong></span> <span class='ocrx_word' id='word_1_152' title='bbox 400 1839 538 1904; x_wconf 82' lang='lat' dir='ltr'><strong>lontibus</strong></span> <span class='ocrx_word' id='word_1_153' title='bbox 565 1840 722 1904; x_wconf 72' lang='lat' dir='ltr'><strong>assidebat</strong></span> <span class='ocrx_word' id='word_1_154' title='bbox 750 1839 979 1922; x_wconf 75' lang='lat' dir='ltr'><strong>Sebastopolis,</strong></span> <span class='ocrx_word' id='word_1_155' title='bbox 1013 1840 1046 1903; x_wconf 92' lang='lat' dir='ltr'><strong>ni</strong></span> <span class='ocrx_word' id='word_1_156' title='bbox 1065 1840 1160 1903; x_wconf 81' lang='lat' dir='ltr'><strong>fallat</strong></span> 
     </span>
     <span class='ocr_line' id='line_1_19' title="bbox 77 1922 1159 2005; baseline 0.002 -20"><span class='ocrx_word' id='word_1_157' title='bbox 77 1923 276 2004; x_wconf 73' lang='lat' dir='ltr'><strong>roienses,</strong></span> <span class='ocrx_word' id='word_1_158' title='bbox 296 1943 319 1989; x_wconf 84' lang='lat' dir='ltr'><strong>a</strong></span> <span class='ocrx_word' id='word_1_159' title='bbox 359 1941 400 1987; x_wconf 88' lang='lat' dir='ltr'><strong>ua</strong></span> <span class='ocrx_word' id='word_1_160' title='bbox 419 1941 528 1986; x_wconf 83' lang='lat' dir='ltr'><strong>versus</strong></span> <span class='ocrx_word' id='word_1_161' title='bbox 554 1922 731 1987; x_wconf 87' lang='lat' dir='ltr'><strong>interiorem</strong></span> <span class='ocrx_word' id='word_1_162' title='bbox 760 1923 934 1987; x_wconf 76' lang='lat' dir='ltr'><strong>Armeniam</strong></span> <span class='ocrx_word' id='word_1_163' title='bbox 958 1924 1026 2005; x_wconf 89' lang='lat' dir='ltr'><strong>plus</strong></span> <span class='ocrx_word' id='word_1_164' title='bbox 1050 1928 1091 1986; x_wconf 78' lang='lat'><strong>4⁰</strong></span> <span class='ocrx_word' id='word_1_165' title='bbox 1115 1922 1159 1987; x_wconf 88' lang='lat' dir='ltr'><strong>bl.</strong></span> 
     </span>
     <span class='ocr_line' id='line_1_20' title="bbox 77 2006 1161 2090; baseline -0.001 -21"><span class='ocrx_word' id='word_1_166' title='bbox 77 2008 103 2069; x_wconf 82' lang='grc' dir='ltr'><strong>Ρ.</strong></span> <span class='ocrx_word' id='word_1_167' title='bbox 123 2006 270 2071; x_wconf 89' lang='lat' dir='ltr'><strong>Sebastia</strong></span> <span class='ocrx_word' id='word_1_168' title='bbox 288 2006 336 2071; x_wconf 90' lang='lat' dir='ltr'><strong>dis</strong></span> <span class='ocrx_word' id='word_1_169' title='bbox 370 2007 433 2070; x_wconf 80' lang='lat' dir='ltr'><strong>bat</strong></span> <span class='ocrx_word' id='word_1_170' title='bbox 475 2006 622 2090; x_wconf 82' lang='lat' dir='ltr'><strong>itaquesi</strong></span> <span class='ocrx_word' id='word_1_171' title='bbox 643 2013 727 2070; x_wconf 85' lang='lat' dir='ltr'><strong>recte</strong></span> <span class='ocrx_word' id='word_1_172' title='bbox 746 2007 825 2070; x_wconf 88' lang='lat' dir='ltr'><strong>baec</strong></span> <span class='ocrx_word' id='word_1_173' title='bbox 843 2006 1074 2089; x_wconf 75' lang='lat' dir='ltr'><strong>disputavimus,</strong></span> <span class='ocrx_word' id='word_1_174' title='bbox 1096 2024 1161 2070; x_wconf 90' lang='lat' dir='ltr'><strong>non</strong></span> 
     </span>
     <span class='ocr_line' id='line_1_21' title="bbox 77 2088 1160 2173; baseline 0.003 -23"><span class='ocrx_word' id='word_1_175' title='bbox 77 2089 161 2153; x_wconf 69' lang='lat' dir='ltr'><strong>rideo</strong></span> <span class='ocrx_word' id='word_1_176' title='bbox 183 2088 237 2173; x_wconf 79' lang='lat' dir='ltr'><strong>qui</strong></span> <span class='ocrx_word' id='word_1_177' title='bbox 255 2091 399 2155; x_wconf 79' lang='lat' dir='ltr'><strong>exoumri</strong></span> <span class='ocrx_word' id='word_1_178' title='bbox 419 2088 536 2153; x_wconf 80' lang='lat' dir='ltr'><strong>Plinius</strong></span> <span class='ocrx_word' id='word_1_179' title='bbox 557 2090 655 2171; x_wconf 84' lang='lat' dir='ltr'><strong>possit</strong></span> <span class='ocrx_word' id='word_1_180' title='bbox 673 2096 696 2155; x_wconf 78' lang='grc'>6</span> <span class='ocrx_word' id='word_1_181' title='bbox 716 2095 737 2152; x_wconf 74' lang='lat'>2</span> <span class='ocrx_word' id='word_1_182' title='bbox 759 2107 879 2157; x_wconf 84' lang='lat' dir='ltr'><strong>amnem</strong></span> <span class='ocrx_word' id='word_1_183' title='bbox 889 2090 1000 2168; x_wconf 86' lang='lat' dir='ltr'><strong>llalym</strong></span> <span class='ocrx_word' id='word_1_184' title='bbox 1020 2110 1077 2173; x_wconf 89' lang='lat' dir='ltr'><strong>per</strong></span> <span class='ocrx_word' id='word_1_185' title='bbox 1097 2089 1160 2154; x_wconf 76' lang='lat' dir='ltr'><strong>Ca-</strong></span> 
     </span>
     <span class='ocr_line' id='line_1_22' title="bbox 77 2170 1162 2257; baseline 0.002 -22"><span class='ocrx_word' id='word_1_186' title='bbox 77 2173 205 2236; x_wconf 85' lang='lat' dir='ltr'><strong>aoniam</strong></span> <span class='ocrx_word' id='word_1_187' title='bbox 225 2174 258 2236; x_wconf 92' lang='lat' dir='ltr'><strong>in</strong></span> <span class='ocrx_word' id='word_1_188' title='bbox 277 2172 503 2257; x_wconf 74' lang='lat' dir='ltr'><strong>Cappadociam</strong></span> <span class='ocrx_word' id='word_1_189' title='bbox 533 2171 714 2238; x_wconf 78' lang='lat' dir='ltr'><strong>immittens:</strong></span> <span class='ocrx_word' id='word_1_190' title='bbox 744 2170 907 2237; x_wconf 81' lang='lat' dir='ltr'><strong>defluxerit</strong></span> <span class='ocrx_word' id='word_1_191' title='bbox 935 2172 1014 2237; x_wconf 92' lang='lat' dir='ltr'><strong>enim</strong></span> <span class='ocrx_word' id='word_1_192' title='bbox 1037 2178 1162 2257; x_wconf 81' lang='lat' dir='ltr'><strong>oportet</strong></span> 
     </span>
     <span class='ocr_line' id='line_1_23' title="bbox 77 2256 1164 2423; baseline -0.002 -20"><span class='ocrx_word' id='word_1_193' title='bbox 77 2256 820 2423; x_wconf 60' lang='lat' dir='ltr'><strong>emmor·-</strong></span> <span class='ocrx_word' id='word_1_194' title='bbox 838 2256 1164 2405; x_wconf 71' lang='lat' dir='ltr'><strong>:estraes</strong></span> 
     </span>
     <span class='ocr_line' id='line_1_24' title="bbox 77 2421 1160 2506; baseline 0 -21"><span class='ocrx_word' id='word_1_195' title='bbox 77 2424 220 2488; x_wconf 70' lang='lat' dir='ltr'><strong>entiores</strong></span> <span class='ocrx_word' id='word_1_196' title='bbox 241 2422 424 2506; x_wconf 70' lang='lat' dir='ltr'><strong>geographi,</strong></span> <span class='ocrx_word' id='word_1_197' title='bbox 442 2422 558 2504; x_wconf 86' lang='lat' dir='ltr'><strong>passim</strong></span> <span class='ocrx_word' id='word_1_198' title='bbox 576 2422 637 2487; x_wconf 90' lang='lat' dir='ltr'><strong>boc</strong></span> <span class='ocrx_word' id='word_1_199' title='bbox 664 2421 780 2487; x_wconf 79' lang='lat' dir='ltr'><strong>flumen·</strong></span> <span class='ocrx_word' id='word_1_200' title='bbox 797 2441 837 2489; x_wconf 84' lang='lat' dir='ltr'><strong>ex</strong></span> <span class='ocrx_word' id='word_1_201' title='bbox 856 2424 963 2489; x_wconf 74' lang='lat' dir='ltr'><strong>indum</strong></span> <span class='ocrx_word' id='word_1_202' title='bbox 984 2424 1077 2500; x_wconf 82' lang='lat' dir='ltr'><strong>Asia,</strong></span> <span class='ocrx_word' id='word_1_203' title='bbox 1096 2442 1160 2487; x_wconf 86' lang='lat' dir='ltr'><strong>me-</strong></span> 
     </span>
     <span class='ocr_line' id='line_1_25' title="bbox 77 2504 1158 2588; baseline 0.001 -18"><span class='ocrx_word' id='word_1_204' title='bbox 77 2508 178 2570; x_wconf 66' lang='lat' dir='ltr'><strong>allen</strong></span> <span class='ocrx_word' id='word_1_205' title='bbox 198 2512 367 2587; x_wconf 78' lang='lat' dir='ltr'><strong>spectante,</strong></span> <span class='ocrx_word' id='word_1_206' title='bbox 388 2504 560 2567; x_wconf 83' lang='lat' dir='ltr'><strong>emittentes</strong></span> <span class='ocrx_word' id='word_1_207' title='bbox 580 2510 691 2569; x_wconf 81' lang='lat' dir='ltr'><strong>contm</strong></span> <span class='ocrx_word' id='word_1_208' title='bbox 706 2506 834 2569; x_wconf 81' lang='lat' dir='ltr'><strong>Arriani</strong></span> <span class='ocrx_word' id='word_1_209' title='bbox 855 2508 970 2571; x_wconf 86' lang='lat' dir='ltr'><strong>monita</strong></span> <span class='ocrx_word' id='word_1_210' title='bbox 990 2506 1023 2571; x_wconf 91' lang='lat' dir='ltr'><strong>in</strong></span> <span class='ocrx_word' id='word_1_211' title='bbox 1045 2506 1158 2588; x_wconf 84' lang='lat' dir='ltr'><strong>Peripl.</strong></span> 
     </span>
     <span class='ocr_line' id='line_1_26' title="bbox 77 2587 1160 2671; baseline 0.001 -19"><span class='ocrx_word' id='word_1_212' title='bbox 77 2592 158 2653; x_wconf 74' lang='lat' dir='ltr'><strong>bont</strong></span> <span class='ocrx_word' id='word_1_213' title='bbox 181 2588 294 2653; x_wconf 65' lang='lat' dir='ltr'><strong>domin.</strong></span> <span class='ocrx_word' id='word_1_214' title='bbox 324 2607 355 2669; x_wconf 86' lang='lat' dir='ltr'><strong>p.</strong></span> <span class='ocrx_word' id='word_1_215' title='bbox 372 2592 414 2651; x_wconf 75' lang='lat'><strong>16</strong></span> <span class='ocrx_word' id='word_1_216' title='bbox 441 2587 489 2651; x_wconf 88' lang='lat' dir='ltr'><strong>ed.</strong></span> <span class='ocrx_word' id='word_1_217' title='bbox 510 2588 627 2667; x_wconf 81' lang='lat' dir='ltr'><strong>(laem,</strong></span> <span class='ocrx_word' id='word_1_218' title='bbox 657 2605 757 2670; x_wconf 86' lang='lat' dir='ltr'><strong>neque</strong></span> <span class='ocrx_word' id='word_1_219' title='bbox 784 2588 898 2667; x_wconf 88' lang='lat' dir='ltr'><strong>nrbes,</strong></span> <span class='ocrx_word' id='word_1_220' title='bbox 920 2607 997 2671; x_wconf 77' lang='lat' dir='ltr'><strong>quas</strong></span> <span class='ocrx_word' id='word_1_221' title='bbox 1016 2590 1092 2668; x_wconf 87' lang='lat' dir='ltr'><strong>dixi,</strong></span> <span class='ocrx_word' id='word_1_222' title='bbox 1112 2589 1160 2671; x_wconf 91' lang='lat' dir='ltr'><strong>illi</strong></span> 
     </span>
     <span class='ocr_line' id='line_1_27' title="bbox 77 2670 1160 2753; baseline -0.002 -16"><span class='ocrx_word' id='word_1_223' title='bbox 77 2674 273 2737; x_wconf 77' lang='lat' dir='ltr'><strong>adstruentes</strong></span> <span class='ocrx_word' id='word_1_224' title='bbox 297 2678 439 2749; x_wconf 86' lang='lat' dir='ltr'><strong>ceterum,</strong></span> <span class='ocrx_word' id='word_1_225' title='bbox 460 2670 541 2752; x_wconf 85' lang='lat' dir='ltr'><strong>quod</strong></span> <span class='ocrx_word' id='word_1_226' title='bbox 562 2670 780 2752; x_wconf 78' lang='lat' dir='ltr'><strong>propemodum</strong></span> <span class='ocrx_word' id='word_1_227' title='bbox 798 2672 1007 2753; x_wconf 74' lang='lat' dir='ltr'><strong>neglexeram,</strong></span> <span class='ocrx_word' id='word_1_228' title='bbox 1028 2672 1062 2735; x_wconf 90' lang='lat' dir='ltr'><strong>in</strong></span> <span class='ocrx_word' id='word_1_229' title='bbox 1078 2671 1160 2735; x_wconf 82' lang='lat' dir='ltr'><strong>Gre-</strong></span> 
     </span>
     <span class='ocr_line' id='line_1_28' title="bbox 77 2749 1161 2840; baseline -0.004 -21"><span class='ocrx_word' id='word_1_230' title='bbox 77 2756 150 2839; x_wconf 71' lang='lat' dir='ltr'><strong>gorii</strong></span> <span class='ocrx_word' id='word_1_231' title='bbox 170 2753 303 2833; x_wconf 82' lang='lat' dir='ltr'><strong>Nysseni</strong></span> <span class='ocrx_word' id='word_1_232' title='bbox 327 2754 432 2818; x_wconf 85' lang='lat' dir='ltr'><strong>verbis</strong></span> <span class='ocrx_word' id='word_1_233' title='bbox 456 2772 519 2817; x_wconf 90' lang='lat' dir='ltr'><strong>uon</strong></span> <span class='ocrx_word' id='word_1_234' title='bbox 542 2750 577 2815; x_wconf 80' lang='lat' dir='ltr'><strong>lo</strong></span> <span class='ocrx_word' id='word_1_235' title='bbox 603 2749 710 2837; x_wconf 67' lang='grc' dir='ltr'><strong><em>χρόνῳ</em></strong></span> <span class='ocrx_word' id='word_1_236' title='bbox 739 2752 795 2819; x_wconf 83' lang='lat' dir='ltr'><strong>scd</strong></span> <span class='ocrx_word' id='word_1_237' title='bbox 822 2752 857 2816; x_wconf 79' lang='lat' dir='ltr'><strong>lv</strong></span> <span class='ocrx_word' id='word_1_238' title='bbox 877 2752 948 2840; x_wconf 74' lang='grc' dir='ltr'><strong>χρῷ</strong></span> <span class='ocrx_word' id='word_1_239' title='bbox 969 2750 1161 2840; x_wconf 64' lang='lat' dir='ltr'><strong>aspeperitas</strong></span> 
     </span>
     <span class='ocr_line' id='line_1_29' title="bbox 77 2836 746 2920; baseline -0.003 -17"><span class='ocrx_word' id='word_1_240' title='bbox 77 2840 162 2904; x_wconf 77' lang='lat' dir='ltr'><strong>ocribi</strong></span> <span class='ocrx_word' id='word_1_241' title='bbox 182 2839 283 2919; x_wconf 84' lang='lat' dir='ltr'><strong>lebet,</strong></span> <span class='ocrx_word' id='word_1_242' title='bbox 302 2843 337 2901; x_wconf 90' lang='lat' dir='ltr'><strong>ut</strong></span> <span class='ocrx_word' id='word_1_243' title='bbox 355 2838 483 2920; x_wconf 86' lang='lat' dir='ltr'><strong>pulebre</strong></span> <span class='ocrx_word' id='word_1_244' title='bbox 497 2836 611 2901; x_wconf 80' lang='lat' dir='ltr'><strong>amicum</strong></span> <span class='ocrx_word' id='word_1_245' title='bbox 630 2843 746 2902; x_wconf 88' lang='lat' dir='ltr'><strong>noster.</strong></span> 
     </span>
    </p>
   </div>
   <div class='ocr_carea' id='block_1_3' title="bbox 77 2947 1161 4041">
    <p class='ocr_par' dir='ltr' id='par_1_3' title="bbox 77 2947 1161 4041">
     <span class='ocr_line' id='line_1_30' title="bbox 151 2947 1159 3035; baseline -0.005 -15"><span class='ocrx_word' id='word_1_246' title='bbox 151 2958 224 3034; x_wconf 79' lang='grc'>396,</span> <span class='ocrx_word' id='word_1_247' title='bbox 238 2960 289 3018; x_wconf 76' lang='lat'><strong>26.</strong></span> <span class='ocrx_word' id='word_1_248' title='bbox 332 2947 464 3030; x_wconf 74' lang='lat' dir='ltr'><strong>Naisso}</strong></span> <span class='ocrx_word' id='word_1_249' title='bbox 483 2952 564 3015; x_wconf 90' lang='lat' dir='ltr'><strong>banc</strong></span> <span class='ocrx_word' id='word_1_250' title='bbox 574 2952 769 3035; x_wconf 90' lang='lat' dir='ltr'><strong>metropolin,</strong></span> <span class='ocrx_word' id='word_1_251' title='bbox 791 2952 846 3017; x_wconf 87' lang='lat' dir='ltr'><strong>sed</strong></span> <span class='ocrx_word' id='word_1_252' title='bbox 867 2950 957 3017; x_wconf 86' lang='lat' dir='ltr'><strong>titulo</strong></span> <span class='ocrx_word' id='word_1_253' title='bbox 978 2958 1070 3016; x_wconf 86' lang='lat' dir='ltr'><strong>tenus</strong></span> <span class='ocrx_word' id='word_1_254' title='bbox 1091 2970 1159 3016; x_wconf 83' lang='lat' dir='ltr'><strong>arne</strong></span> 
     </span>
     <span class='ocr_line' id='line_1_31' title="bbox 77 3035 1161 3120; baseline 0 -18"><span class='ocrx_word' id='word_1_255' title='bbox 77 3056 105 3103; x_wconf 88' lang='lat' dir='ltr'><strong>re</strong></span> <span class='ocrx_word' id='word_1_256' title='bbox 124 3036 165 3103; x_wconf 87' lang='lat' dir='ltr'><strong>is.</strong></span> <span class='ocrx_word' id='word_1_257' title='bbox 187 3036 388 3102; x_wconf 80' lang='lat' dir='ltr'><strong>Gasaubonus</strong></span> <span class='ocrx_word' id='word_1_258' title='bbox 409 3037 443 3100; x_wconf 94' lang='lat' dir='ltr'><strong>in</strong></span> <span class='ocrx_word' id='word_1_259' title='bbox 464 3036 552 3120; x_wconf 79' lang='lat' dir='ltr'><strong>episc</strong></span> <span class='ocrx_word' id='word_1_260' title='bbox 576 3036 724 3119; x_wconf 74' lang='lat' dir='ltr'><strong>Gregorii</strong></span> <span class='ocrx_word' id='word_1_261' title='bbox 751 3036 884 3114; x_wconf 83' lang='lat' dir='ltr'><strong>Nysseni</strong></span> <span class='ocrx_word' id='word_1_262' title='bbox 906 3035 947 3100; x_wconf 85' lang='lat' dir='ltr'><strong>ad</strong></span> <span class='ocrx_word' id='word_1_263' title='bbox 967 3036 1161 3102; x_wconf 81' lang='lat' dir='ltr'><strong>llustatbiam</strong></span> 
     </span>
     <span class='ocr_line' id='line_1_32' title="bbox 77 3118 1159 3219; baseline -0.002 -36"><span class='ocrx_word' id='word_1_264' title='bbox 77 3127 175 3205; x_wconf 81' lang='lat' dir='ltr'><strong>pilli</strong></span> <span class='ocrx_word' id='word_1_265' title='bbox 193 3122 288 3186; x_wconf 69' lang='lat' dir='ltr'><strong>lubae</strong></span> <span class='ocrx_word' id='word_1_266' title='bbox 308 3120 506 3199; x_wconf 87' lang='lat' dir='ltr'><strong>autumabat,</strong></span> <span class='ocrx_word' id='word_1_267' title='bbox 527 3118 608 3203; x_wconf 80' lang='lat' dir='ltr'><strong>quod</strong></span> <span class='ocrx_word' id='word_1_268' title='bbox 630 3119 711 3184; x_wconf 82' lang='lat' dir='ltr'><strong>baud</strong></span> <span class='ocrx_word' id='word_1_269' title='bbox 733 3120 848 3185; x_wconf 87' lang='lat' dir='ltr'><strong>iniuria</strong></span> <span class='ocrx_word' id='word_1_270' title='bbox 868 3120 998 3202; x_wconf 80' lang='lat' dir='ltr'><strong>negarit</strong></span> <span class='ocrx_word' id='word_1_271' title='bbox 1018 3118 1159 3219; x_wconf 84' lang='lat' dir='ltr'><strong>Spanbe-</strong></span> 
     </span>
     <span class='ocr_line' id='line_1_33' title="bbox 77 3203 1160 3288; baseline -0.001 -20"><span class='ocrx_word' id='word_1_272' title='bbox 77 3206 147 3268; x_wconf 86' lang='lat' dir='ltr'><strong>nius</strong></span> <span class='ocrx_word' id='word_1_273' title='bbox 166 3205 295 3269; x_wconf 81' lang='lat' dir='ltr'><strong>llissert</strong></span> <span class='ocrx_word' id='word_1_274' title='bbox 312 3212 335 3270; x_wconf 76' lang='grc'>9</span> <span class='ocrx_word' id='word_1_275' title='bbox 353 3205 393 3268; x_wconf 86' lang='lat' dir='ltr'><strong>lc</strong></span> <span class='ocrx_word' id='word_1_276' title='bbox 413 3204 478 3267; x_wconf 86' lang='lat' dir='ltr'><strong>llsu</strong></span> <span class='ocrx_word' id='word_1_277' title='bbox 496 3208 528 3267; x_wconf 93' lang='lat' dir='ltr'><strong>et</strong></span> <span class='ocrx_word' id='word_1_278' title='bbox 549 3203 667 3267; x_wconf 77' lang='lat' dir='ltr'><strong>Proust</strong></span> <span class='ocrx_word' id='word_1_279' title='bbox 690 3205 780 3267; x_wconf 86' lang='lat' dir='ltr'><strong>Num.</strong></span> <span class='ocrx_word' id='word_1_280' title='bbox 801 3206 918 3288; x_wconf 71' lang='lat' dir='ltr'><strong>pboe,</strong></span> <span class='ocrx_word' id='word_1_281' title='bbox 936 3208 1059 3267; x_wconf 78' lang='lat' dir='ltr'><strong>mmctsr</strong></span> <span class='ocrx_word' id='word_1_282' title='bbox 1075 3208 1160 3267; x_wconf 88' lang='lat' dir='ltr'><strong>erret</strong></span> 
     </span>
     <span class='ocr_line' id='line_1_34' title="bbox 77 3286 1159 3371; baseline -0.003 -19"><span class='ocrx_word' id='word_1_283' title='bbox 77 3288 120 3352; x_wconf 80' lang='lat' dir='ltr'><strong>uir</strong></span> <span class='ocrx_word' id='word_1_284' title='bbox 140 3288 362 3367; x_wconf 87' lang='lat' dir='ltr'><strong>nobilissimus,</strong></span> <span class='ocrx_word' id='word_1_285' title='bbox 390 3306 458 3351; x_wconf 90' lang='lat' dir='ltr'><strong>cum</strong></span> <span class='ocrx_word' id='word_1_286' title='bbox 487 3286 702 3353; x_wconf 76' lang='lat' dir='ltr'><strong>casaubonum</strong></span> <span class='ocrx_word' id='word_1_287' title='bbox 722 3286 766 3351; x_wconf 92' lang='lat' dir='ltr'><strong>ibi</strong></span> <span class='ocrx_word' id='word_1_288' title='bbox 785 3288 905 3371; x_wconf 78' lang='lat' dir='ltr'><strong>fugisse</strong></span> <span class='ocrx_word' id='word_1_289' title='bbox 925 3287 1070 3369; x_wconf 90' lang='lat' dir='ltr'><strong>opinatur</strong></span> <span class='ocrx_word' id='word_1_290' title='bbox 1090 3286 1159 3349; x_wconf 88' lang='lat' dir='ltr'><strong>bio-</strong></span> 
     </span>
     <span class='ocr_line' id='line_1_35' title="bbox 77 3370 1159 3454; baseline -0.002 -19"><span class='ocrx_word' id='word_1_291' title='bbox 77 3371 180 3435; x_wconf 81' lang='lat' dir='ltr'><strong>:issum</strong></span> <span class='ocrx_word' id='word_1_292' title='bbox 199 3373 311 3435; x_wconf 89' lang='lat' dir='ltr'><strong>tertiae</strong></span> <span class='ocrx_word' id='word_1_293' title='bbox 336 3370 553 3454; x_wconf 73' lang='lat' dir='ltr'><strong>Cappadociae</strong></span> <span class='ocrx_word' id='word_1_294' title='bbox 580 3372 676 3433; x_wconf 81' lang='lat' dir='ltr'><strong>brisse</strong></span> <span class='ocrx_word' id='word_1_295' title='bbox 705 3372 909 3453; x_wconf 86' lang='lat' dir='ltr'><strong>metropolin:</strong></span> <span class='ocrx_word' id='word_1_296' title='bbox 937 3370 1056 3435; x_wconf 84' lang='lat' dir='ltr'><strong>diserta</strong></span> <span class='ocrx_word' id='word_1_297' title='bbox 1076 3373 1159 3434; x_wconf 91' lang='lat' dir='ltr'><strong>enim</strong></span> 
     </span>
     <span class='ocr_line' id='line_1_36' title="bbox 77 3452 1157 3537; baseline -0.001 -19"><span class='ocrx_word' id='word_1_298' title='bbox 77 3456 136 3518; x_wconf 71' lang='lat' dir='ltr'><strong>eius</strong></span> <span class='ocrx_word' id='word_1_299' title='bbox 165 3454 241 3519; x_wconf 90' lang='lat' dir='ltr'><strong>inibi</strong></span> <span class='ocrx_word' id='word_1_300' title='bbox 269 3456 384 3519; x_wconf 90' lang='lat' dir='ltr'><strong>mentio</strong></span> <span class='ocrx_word' id='word_1_301' title='bbox 412 3452 478 3533; x_wconf 85' lang='lat' dir='ltr'><strong>cst&#39;;</strong></span> <span class='ocrx_word' id='word_1_302' title='bbox 497 3470 555 3518; x_wconf 93' lang='lat' dir='ltr'><strong>nec</strong></span> <span class='ocrx_word' id='word_1_303' title='bbox 582 3471 716 3537; x_wconf 80' lang='lat' dir='ltr'><strong>unquam</strong></span> <span class='ocrx_word' id='word_1_304' title='bbox 731 3452 776 3515; x_wconf 83' lang='lat' dir='ltr'><strong>in</strong></span> <span class='ocrx_word' id='word_1_305' title='bbox 804 3454 911 3517; x_wconf 63' lang='lat' dir='ltr'><strong>Mem</strong></span> <span class='ocrx_word' id='word_1_306' title='bbox 940 3454 1023 3518; x_wconf 87' lang='lat' dir='ltr'><strong>notis</strong></span> <span class='ocrx_word' id='word_1_307' title='bbox 1046 3473 1066 3517; x_wconf 90' lang='lat' dir='ltr'><strong>a</strong></span> <span class='ocrx_word' id='word_1_308' title='bbox 1088 3455 1157 3537; x_wconf 75' lang='lat' dir='ltr'><strong>piro</strong></span> 
     </span>
     <span class='ocr_line' id='line_1_37' title="bbox 77 3535 1159 3629; baseline -0.002 -28"><span class='ocrx_word' id='word_1_309' title='bbox 77 3556 200 3621; x_wconf 83' lang='lat' dir='ltr'><strong>nagno,</strong></span> <span class='ocrx_word' id='word_1_310' title='bbox 219 3537 296 3601; x_wconf 87' lang='lat' dir='ltr'><strong>licet</strong></span> <span class='ocrx_word' id='word_1_311' title='bbox 325 3535 551 3619; x_wconf 85' lang='lat' dir='ltr'><strong>cSpanbemio</strong></span> <span class='ocrx_word' id='word_1_312' title='bbox 581 3536 777 3615; x_wconf 80' lang='lat' dir='ltr'><strong>alnrnsom,</strong></span> <span class='ocrx_word' id='word_1_313' title='bbox 798 3538 911 3601; x_wconf 86' lang='lat' dir='ltr'><strong>tertiae</strong></span> <span class='ocrx_word' id='word_1_314' title='bbox 942 3536 1159 3629; x_wconf 73' lang='lat' dir='ltr'><strong>Cappadopiae</strong></span> 
     </span>
     <span class='ocr_line' id='line_1_38' title="bbox 77 3618 1156 3703; baseline -0.002 -18"><span class='ocrx_word' id='word_1_315' title='bbox 77 3620 251 3703; x_wconf 81' lang='lat' dir='ltr'><strong>metropolin</strong></span> <span class='ocrx_word' id='word_1_316' title='bbox 271 3622 400 3699; x_wconf 85' lang='lat' dir='ltr'><strong>Nyssam</strong></span> <span class='ocrx_word' id='word_1_317' title='bbox 416 3620 510 3684; x_wconf 82' lang='lat' dir='ltr'><strong>fuisse</strong></span> <span class='ocrx_word' id='word_1_318' title='bbox 520 3618 673 3703; x_wconf 17' lang='lat' dir='ltr'><strong>,scriplum</strong></span> <span class='ocrx_word' id='word_1_319' title='bbox 689 3619 832 3685; x_wconf 75' lang='lat' dir='ltr'><strong>meminis</strong></span> <span class='ocrx_word' id='word_1_320' title='bbox 852 3626 970 3685; x_wconf 87' lang='lat' dir='ltr'><strong>tantum</strong></span> <span class='ocrx_word' id='word_1_321' title='bbox 988 3620 1156 3683; x_wconf 86' lang='lat' dir='ltr'><strong>honorario</strong></span> 
     </span>
     <span class='ocr_line' id='line_1_39' title="bbox 77 3702 1156 3851; baseline -0.001 -83"><span class='ocrx_word' id='word_1_322' title='bbox 77 3706 273 3787; x_wconf 89' lang='lat' dir='ltr'><strong>netropoleos</strong></span> <span class='ocrx_word' id='word_1_323' title='bbox 294 3706 384 3769; x_wconf 88' lang='lat' dir='ltr'><strong>titqu</strong></span> <span class='ocrx_word' id='word_1_324' title='bbox 400 3703 433 3767; x_wconf 89' lang='lat' dir='ltr'><strong>in</strong></span> <span class='ocrx_word' id='word_1_325' title='bbox 454 3723 538 3768; x_wconf 82' lang='lat' dir='ltr'><strong>conc</strong></span> <span class='ocrx_word' id='word_1_326' title='bbox 560 3702 793 3851; x_wconf 37' lang='lat' dir='ltr'><strong>constantino&amp;</strong></span> <span class='ocrx_word' id='word_1_327' title='bbox 816 3703 950 3767; x_wconf 83' lang='lat' dir='ltr'><strong>secundo</strong></span> <span class='ocrx_word' id='word_1_328' title='bbox 969 3702 1156 3803; x_wconf 64' lang='lat' dir='ltr'><strong>condecora-</strong></span> 
     </span>
     <span class='ocr_line' id='line_1_40' title="bbox 77 3786 1157 3867; baseline -0.007 -15"><span class='ocrx_word' id='word_1_329' title='bbox 77 3795 133 3852; x_wconf 70' lang='lat' dir='ltr'><strong>&#39;arn</strong></span> <span class='ocrx_word' id='word_1_330' title='bbox 151 3787 271 3851; x_wconf 80' lang='lat' dir='ltr'><strong>censuit</strong></span> <span class='ocrx_word' id='word_1_331' title='bbox 290 3790 330 3852; x_wconf 86' lang='lat' dir='ltr'><strong>ob</strong></span> <span class='ocrx_word' id='word_1_332' title='bbox 350 3787 513 3854; x_wconf 65' lang='grc' dir='ltr'><strong>δοῦηῐειιι</strong></span> <span class='ocrx_word' id='word_1_333' title='bbox 537 3786 575 3849; x_wconf 80' lang='grc' dir='ltr'><strong>Η.</strong></span> <span class='ocrx_word' id='word_1_334' title='bbox 596 3786 634 3850; x_wconf 74' lang='lat' dir='ltr'><strong>E·</strong></span> <span class='ocrx_word' id='word_1_335' title='bbox 656 3790 679 3850; x_wconf 75' lang='lat'><strong>5</strong></span> <span class='ocrx_word' id='word_1_336' title='bbox 698 3791 731 3867; x_wconf 79' lang='lat'><strong>8,</strong></span> <span class='ocrx_word' id='word_1_337' title='bbox 750 3806 772 3851; x_wconf 84' lang='lat' dir='ltr'><strong>ll</strong></span> <span class='ocrx_word' id='word_1_338' title='bbox 792 3786 805 3852; x_wconf 86' lang='lat' dir='ltr'><strong>i</strong></span> <span class='ocrx_word' id='word_1_339' title='bbox 823 3792 927 3851; x_wconf 78' lang='lat' dir='ltr'><strong>lamen</strong></span> <span class='ocrx_word' id='word_1_340' title='bbox 946 3805 1157 3866; x_wconf 72' lang='lat' dir='ltr'><strong>nurpcuppgros</strong></span> 
     </span>
     <span class='ocr_line' id='line_1_41' title="bbox 77 3867 1155 3955; baseline -0.003 -21"><span class='ocrx_word' id='word_1_341' title='bbox 77 3892 125 3934; x_wconf 81' lang='lat' dir='ltr'><strong>neo</strong></span> <span class='ocrx_word' id='word_1_342' title='bbox 140 3872 325 3953; x_wconf 84' lang='lat' dir='ltr'><strong>metropoles</strong></span> <span class='ocrx_word' id='word_1_343' title='bbox 343 3888 401 3937; x_wconf 89' lang='lat' dir='ltr'><strong>nec</strong></span> <span class='ocrx_word' id='word_1_344' title='bbox 422 3868 668 3955; x_wconf 73' lang='lat' dir='ltr'><strong>patriarchatus,</strong></span> <span class='ocrx_word' id='word_1_345' title='bbox 690 3886 767 3953; x_wconf 78' lang='lat' dir='ltr'><strong>quos</strong></span> <span class='ocrx_word' id='word_1_346' title='bbox 788 3874 920 3950; x_wconf 86' lang='lat' dir='ltr'><strong>vocant,</strong></span> <span class='ocrx_word' id='word_1_347' title='bbox 939 3867 994 3933; x_wconf 89' lang='lat' dir='ltr'><strong>sed</strong></span> <span class='ocrx_word' id='word_1_348' title='bbox 1016 3870 1155 3953; x_wconf 80' lang='lat' dir='ltr'><strong>regimen</strong></span> 
     </span>
     <span class='ocr_line' id='line_1_42' title="bbox 77 3951 968 4041; baseline 0.001 -23"><span class='ocrx_word' id='word_1_349' title='bbox 77 3974 108 4019; x_wconf 82' lang='lat' dir='ltr'><strong>rc</strong></span> <span class='ocrx_word' id='word_1_350' title='bbox 128 3954 391 4041; x_wconf 76' lang='lat' dir='ltr'><strong>gubernationem,</strong></span> <span class='ocrx_word' id='word_1_351' title='bbox 411 3962 446 4020; x_wconf 89' lang='lat' dir='ltr'><strong>ut</strong></span> <span class='ocrx_word' id='word_1_352' title='bbox 466 3955 544 4019; x_wconf 87' lang='lat' dir='ltr'><strong>benc</strong></span> <span class='ocrx_word' id='word_1_353' title='bbox 562 3954 657 4021; x_wconf 86' lang='lat' dir='ltr'><strong>llenr.</strong></span> <span class='ocrx_word' id='word_1_354' title='bbox 676 3951 831 4032; x_wconf 82' lang='lat' dir='ltr'><strong>Valesius,</strong></span> <span class='ocrx_word' id='word_1_355' title='bbox 848 3958 968 4019; x_wconf 73' lang='lat' dir='ltr'><strong>numni.</strong></span> 
     </span>
    </p>
   </div>
   <div class='ocr_carea' id='block_1_4' title="bbox 150 4059 1155 4253">
    <p class='ocr_par' dir='ltr' id='par_1_4' title="bbox 150 4059 1155 4253">
     <span class='ocr_line' id='line_1_43' title="bbox 151 4059 813 4146; baseline -0.003 -17"><span class='ocrx_word' id='word_1_356' title='bbox 151 4060 236 4129; x_wconf 78' lang='lat' dir='ltr'><strong>lbld.</strong></span> <span class='ocrx_word' id='word_1_357' title='bbox 280 4059 402 4143; x_wconf 74' lang='grc' dir='ltr'><strong><em>Θέρμα]</em></strong></span> <span class='ocrx_word' id='word_1_358' title='bbox 425 4064 495 4128; x_wconf 82' lang='lat' dir='ltr'><strong>vide</strong></span> <span class='ocrx_word' id='word_1_359' title='bbox 515 4060 588 4127; x_wconf 77' lang='lat' dir='ltr'><strong>Aac</strong></span> <span class='ocrx_word' id='word_1_360' title='bbox 607 4062 679 4127; x_wconf 81' lang='lat' dir='ltr'><strong>ltin</strong></span> <span class='ocrx_word' id='word_1_361' title='bbox 700 4066 813 4146; x_wconf 62' lang='lat' dir='ltr'><strong>p-dbi-</strong></span> 
     </span>
     <span class='ocr_line' id='line_1_44' title="bbox 150 4164 1155 4253; baseline -0.008 -14"><span class='ocrx_word' id='word_1_362' title='bbox 150 4168 233 4239; x_wconf 74' lang='lat' dir='ltr'><strong>lbld·</strong></span> <span class='ocrx_word' id='word_1_363' title='bbox 269 4164 528 4253; x_wconf 74' lang='lat' dir='ltr'><strong>‘Psyraclmbbcl</strong></span> <span class='ocrx_word' id='word_1_364' title='bbox 557 4170 631 4237; x_wconf 82' lang='lat' dir='ltr'><strong>Vita</strong></span> <span class='ocrx_word' id='word_1_365' title='bbox 657 4168 802 4250; x_wconf 70' lang='lat' dir='ltr'><strong>amelii</strong></span> <span class='ocrx_word' id='word_1_366' title='bbox 831 4168 1029 4253; x_wconf 76' lang='lat' dir='ltr'><strong>patriarchae</strong></span> <span class='ocrx_word' id='word_1_367' title='bbox 1049 4164 1155 4251; x_wconf 73' lang='lat' dir='ltr'><strong>aput</strong></span> 
     </span>
    </p>
   </div>
   <div class='ocr_carea' id='block_1_5' title="bbox 0 0 1538 4867">
    <p class='ocr_par' dir='ltr' id='par_1_5' title="bbox 0 0 1538 4867">
     <span class='ocr_line' id='line_1_45' title="bbox 0 0 1538 4867; baseline 0 0"><span class='ocrx_word' id='word_1_368' title='bbox 0 0 1538 4867; x_wconf 95' lang='lat' dir='ltr'><strong> </strong></span> 
     </span>
    </p>
   </div>
  </div>
 </body>
</html>
