3067 4867
216 395 257 461 ru
288 390 557 457 consessum
577 392 727 457 nonna.
755 394 810 455 oa
826 394 951 457 mrem.
971 362 1007 457 i.
1028 398 1053 458 r.
1113 394 1186 461 275

98 570 235 627 ctatuum
256 564 384 647 (singoli
403 562 676 646 repraesentabant
696 562 808 639 librum
829 564 861 625 in
886 564 946 625 cluo
967 566 1123 630 volumina
1142 568 1190 631 oli·

98 648 213 725 nsum)
235 649 348 729 primus
379 651 595 730 imperatorum
617 647 881 725 renuntiationem,
908 648 1074 730 vigesimus
1093 652 1190 733 septi-

97 750 166 793 mus
189 732 372 812 legationes,
391 732 659 813 quinquagesimus
681 730 810 793 virtutes
833 730 954 793 etvitia
974 750 1192 797 commcmom·

97 816 154 877 vit.
198 815 253 877 serl
275 832 373 897 neque
397 816 468 877 huic
489 815 635 892 consilio,
658 832 717 896 quo
740 812 1025 958 Porphyrogeoitus
1049 820 1191 896 praecla-

96 914 168 959 rum
186 898 218 959 in
238 898 357 961 modum
379 898 418 959 tle
432 898 533 961 literis
555 898 664 961 mereri
685 902 795 961 conten
818 897 898 972 ebat,
920 899 1079 979 responait
1098 918 1192 964 evcn-

97 986 166 1043 tus:
190 982 300 1062 quippe
321 988 520 1062 posteaquam
537 980 612 1043 illut
633 980 850 1062 pandectarum
872 979 1091 1045 llistoricarum
1113 1002 1191 1063 opus

98 1066 198 1125 solam
213 1082 234 1126 a
248 1065 399 1147 plerisque
419 1064 590 1147 legebatur,
604 1064 793 1127 Graecorum
813 1070 953 1127 auctores
967 1065 1190 1146 quamplurimi,

98 1164 140 1209 ex
153 1148 260 1227 quibus
274 1148 350 1210 illird
367 1154 435 1210 erat
448 1148 655 1228 compositum,
670 1147 812 1229 neglecti,
837 1166 905 1209 crrm
917 1166 978 1209 non
993 1149 1122 1229 amplius
1137 1149 1191 1211 ‹le-

97 1231 315 1310 scriberentur,
328 1232 449 1295 tamlem
460 1231 640 1294 interierunt
651 1250 712 1293 non
725 1231 841 1311 absque
852 1232 1020 1313 magnorei
1031 1232 1191 1295 literariac

97 1314 292 1378 detrimento.
314 1314 388 1395 quin
401 1314 476 1377 haec
491 1314 558 1395 ipsa
569 1314 827 1395 Porphyrogeniti
840 1315 924 1377 iussu
938 1314 1119 1377 concinnata
1135 1316 1193 1378 mi·

101 1398 259 1459 scellaoea
280 1398 369 1459 morlo
385 1416 445 1460 non
465 1398 568 1461 omnis
582 1398 748 1479 perierunt,
771 1398 933 1479 exquibus
954 1399 1052 1461 libros
1073 1406 1192 1463 tautum

99 1480 188 1559 «loos,
210 1481 385 1561 vigesimum
407 1481 564 1561 septimum
584 1482 623 1543 dc
638 1481 845 1561 legationibus
860 1488 892 1542 et
911 1481 1192 1564 quinquagesimum

102 1562 141 1624 dc
161 1564 324 1626 virtutibus
345 1571 376 1625 et
389 1565 489 1643 vitiis,
509 1566 621 1627 iniuria
641 1572 809 1645 temporum
830 1564 953 1646 reliquit
972 1565 1061 1627 nobis
1084 1584 1193 1647 super-

100 1647 206 1709 stites:
227 1646 313 1708 illum
344 1648 464 1728 quidem
485 1648 597 1727 partim
619 1646 745 1709 Fulvius
767 1647 905 1727 Ursinus,
925 1648 1037 1730 partim
1057 1649 1192 1713 Davitica

100 1730 311 1808 lloeschelius,
332 1730 411 1791 hunc
433 1748 507 1791 vero
521 1731 639 1793 Nicolai
651 1728 784 1793 llabrieii
796 1731 939 1793 Peircscii
961 1732 1105 1795 beneficio
1126 1750 1193 1795 scr·

100 1820 206 1875 vatum
227 1814 375 1875 llenricus
395 1814 554 1891 Valesius,
579 1813 617 1875 iia
639 1814 792 1893 excerptis
820 1814 940 1876 omissis
971 1832 1049 1896 quae
1076 1815 1193 1879 iamin

99 1904 259 1960 motorum
278 1897 421 1977 operibns
442 1897 608 1976 separatim
629 1895 747 1959 emissis
761 1896 1002 1975 reperiebantur,
1023 1897 1193 1963 ediderunt.

102 1998 145 2042 ex
169 1980 258 2042 libris
273 1986 372 2042 autem
393 1978 697 2060 quosCoostantinus
712 1979 778 2059 ipse
792 1979 972 2059 conseripsit
995 1980 1099 2061 plores
1119 1981 1195 2045 etliti

98 2062 264 2139 habentur,
286 2080 411 2145 quorum
435 2063 553 2143 aliquot
570 2062 602 2125 in
621 2082 710 2125 unum
732 2062 875 2125 volumen
895 2064 1049 2145 compegit
1063 2066 1194 2128 loannes

97 2146 263 2225 blcursins,
285 2147 422 2207 nimirum
442 2146 538 2207 libros
559 2145 635 2207 duos
655 2144 694 2207 de
714 2144 898 2209 thematibus
921 2146 1055 2209 (trientis
1080 2153 1112 2210 et
1132 2148 1195 2209 tle-

98 2230 240 2309 m'rlcotls,
260 2230 371 2291 librum
389 2230 428 2291 ele
451 2228 694 2294 administrando
715 2228 859 2309 immrio,
880 2229 1023 2293 novellas
1043 2232 1193 2294 constitu-

98 2314 202 2375 tiones
223 2314 359 2395 aliquot,
379 2330 495 2375 necoon
517 2314 722 2393 fragmentum
751 2330 793 2375 ex
813 2330 907 2394 opere
927 2312 1039 2375 tactico
1058 2314 1194 2379 einste-

96 2396 311 2459 Constantini:
342 2396 396 2457 scrl
419 2395 476 2457 hoc
497 2396 618 2475 quidem
649 2414 725 2476 opus
748 2395 892 2459 taeticum
913 2394 1065 2479 integmm
1087 2403 1119 2460 et
1136 2398 1192 2461 ab·

94 2480 229 2542 solutum
251 2484 337 2542 extat
359 2498 404 2540 ms
432 2479 462 2541 in
487 2477 678 2541 bibliotheca
697 2476 895 2541 Coisliniana
937 2477 1089 2543 habentur
1108 2480 1192 2543 insu-

95 2580 157 2644 per
186 2562 305 2644 aliquot
337 2562 401 2624 alia
428 2561 575 2641 opuscula
611 2561 743 2623 eiusdem
774 2559 1032 2641 Porphyuogeniti
1063 2565 1192 2627 seorsim

94 2646 204 2729 edica,
223 2652 315 2727 atque
334 2644 366 2707 in
387 2644 494 2725 primis
521 2644 587 2707 vita
608 2642 716 2707 Basilii
738 2644 791 2706 avi
818 2643 1014 2723 imperatoris
1035 2646 1192 2726 publicata

93 2729 227 2809 primum
245 2746 265 2791 a
283 2728 386 2791 heone
407 2728 534 2806 Allatio,
556 2726 664 2789 deinde
685 2746 706 2791 a
725 2726 917 2805 Combelisio,
939 2727 990 2809 qui
1012 2734 1043 2790 ct
1066 2728 1131 2791 eius
1152 2730 1191 2793 tle

94 2812 233 2893 imagine
256 2811 414 2873 Edessena
446 2810 653 2873 narrationem
681 2810 800 2891 pariter
820 2810 914 2871 edidit
935 2810 1056 2873 Graece
1077 2819 1108 2875 et
1129 2812 1191 2876 ha-

92 2896 172 2973 tine,
194 2900 228 2957 ut
251 2900 282 2957 ct
303 2893 445 2969 anonymi
467 2894 630 2959 historiam.
658 2892 747 2956 libris
768 2896 789 2956 4
819 2894 1067 2973 comprehensam
1089 2895 1190 2959 alili-

93 2977 209 3041 cbaele
229 2978 391 3059 Theophili
412 2978 485 3056 lilio,
509 2978 540 3038 in
563 2988 653 3058 quem
673 2976 785 3039 desinit
804 2974 969 3039 chronicon
982 2977 1188 3059 Theophanis,

91 3078 192 3143 usquc
224 3061 263 3123 ao
285 3060 465 3123 michaelem
486 3060 669 3137 blethystam
676 3082 685 3136 3
715 3078 805 3157 quam
834 3058 954 3140 quidem
980 3060 1078 3141 ipsius
1106 3062 1188 3125 Con-

91 3144 226 3207 stantini
243 3144 326 3207 iussu
348 3144 549 3223 conscriptam
569 3148 701 3206 testatur
720 3161 752 3206 rn
768 3143 840 3207 libri
860 3142 949 3205 titrrlo
969 3162 1008 3206 ac
1021 3146 1185 3225 prooemio,

88 3228 127 3290 in
149 3246 211 3309 qno
244 3232 275 3289 ct
294 3227 389 3290 vitam
408 3226 515 3290 Basilii
538 3225 715 3289 Macedonis
745 3226 785 3289 ab
815 3226 882 3307 ipso
902 3234 1013 3307 nepotc
1035 3226 1187 3291 Constan-

87 3311 159 3373 tino
183 3310 262 3373 mira
293 3310 442 3373 sermonis
471 3310 628 3391 elegantia
650 3310 855 3390 conscriptam
876 3309 996 3372 asserit
1040 3311 1186 3377 laudatur

86 3400 259 3475 practerea
280 3394 320 3455 ab
341 3394 457 3456 Allatio
480 3394 512 3456 in
533 3398 729 3473 syntagmate
749 3394 788 3454 (lc
802 3392 1005 3469 Symoouibus
1025 3413 1125 3457 sermo
1147 3396 1186 3458 de

85 3477 246 3539 relatione
268 3478 406 3557 corporis
422 3477 455 3540 S.
480 3478 604 3541 loannis
618 3476 830 3551 chrysostomi
850 3476 884 3538 in
904 3477 1025 3553 urbem;
1045 3480 1096 3560 qui
1118 3480 1185 3560 qui-

86 3562 159 3623 slem
190 3576 290 3621 senno
327 3562 457 3623 habetrn
492 3578 539 3622 ms
569 3559 601 3623 in
637 3559 740 3621 codice
762 3558 862 3641 llcgio
892 3560 964 3621 olim
994 3561 1182 3625 Tellcriano.

85 3646 189 3705 multa
212 3642 303 3705 etiam
324 3644 430 3705 stricta
452 3644 592 3706 oratione
611 3642 814 3723 composuisse
834 3642 1067 3710 Constantinum
1087 3646 1185 3710 trselit

85 3728 247 3790 Zonaras.
299 3744 338 3790 ex
369 3728 477 3809 quibus
497 3727 633 3789 omnibus
653 3727 815 3787 manifesto
835 3726 932 3806 liquet
951 3724 1182 3791 Constantinum

83 3828 153 3873 nou
175 3808 265 3872 modo
285 3810 380 3872 fuisse
401 3810 539 3873 omnibus
560 3808 728 3890 disciplinis
750 3808 996 3887 sacratarium,
1015 3812 1069 3872 scel
1091 3817 1123 3874 et
1142 3812 1182 3876 li·
1204 3853 1207 3860 ,

84 3900 229 3956 terarum
256 3894 391 3956 extincta
421 3910 500 3974 pene
530 3892 632 3955 studia
667 3910 788 3955 rursum
818 3892 1009 3955 instaurasse
1038 3894 1182 3977 virosque

84 3974 228 4041 cruditos
250 3976 417 4058 propositis
439 3975 584 4057 praemiis
606 3974 646 4039 ad
668 3994 706 4039 ea
726 3975 936 4075 promovenda
955 3975 1112 4058 impulisse
1131 3978 1179 4055 ⁹).

174 4078 225 4154 11,
245 4072 289 4139 tt.
330 4074 588 4157 Porphyrogeniti
611 4093 781 4157 cognomen
802 4074 883 4137 nnrle
903 4075 945 4138 sit
966 4086 1065 4139 ortum
1083 4075 1179 4156 plori-

158 4254 183 4327 ')
200 4254 327 4307 bandurii
349 4262 411 4309 sant
430 4270 498 4326 qnae
520 4272 573 4308 non
589 4256 663 4307 aliud
682 4274 780 4307 noman
800 4255 979 4326 subscriptum
998 4255 1108 4306 liabent.
