3067 4867
191 280 195 289 ’
295 254 338 317 lrt
358 250 629 319 constantini
648 252 797 320 boaria
816 256 871 319 ΒΕ
893 258 1019 321 mata.
1045 260 1082 321 L.
1096 262 1123 323 l.
1181 252 1255 323 279

163 424 275 489 dlcltrrr
290 420 469 496 flodoedo'c.
510 430 686 509 appellatur
707 429 799 491 etiam
818 428 1115 511 al’orpbyrogeuito
1135 431 1168 493 ln
1189 432 1255 493 vita

161 508 292 590 Basilii,
319 529 346 573 c.
365 512 408 571 50
426 511 475 575 ed.
498 510 675 589 (lambolia,
709 508 893 591 flodordic,
926 520 1018 594 atque
1044 514 1124 575 bunc
1155 516 1255 576 locum
1362 538 1368 552 u

161 594 265 657 'l'arso
284 592 415 655 deinum
429 595 525 656 luisse
545 596 663 674 statuit,
684 612 803 657 necnon
823 614 844 657 a
864 597 986 657 nomine
1005 596 1091 659 llurii
1110 598 1180 660 loco
1198 616 1255 695 ap:

159 677 360 759 pellatioacm
383 678 511 741 inditam
531 680 647 743 scribit.
668 679 778 743 Annae
786 677 960 743 Conuenae
983 679 1096 742 dieitur
1109 678 1196 757 θέμα
1215 698 1254 739 ια

63 788 66 796 ’
160 752 348 824 timorato.

248 864 298 938 19,
317 864 369 924 28.
409 860 456 923 lle
482 861 593 925 Adana
615 858 743 925 ciliciae
770 862 848 925 urbe
876 863 1042 945 loquuntur
1070 861 1161 926 Anna
1192 861 1255 926 co-

158 962 272 1007 nnena
293 962 323 1024 p.
344 948 424 1023 339,
444 944 600 1022 seylltzes
620 964 649 1026 p.
672 948 752 1024 656,
774 946 916 1009 mauras
947 948 979 1009 in
1001 948 1138 1009 Romano
1159 946 1250 1027 lliog.

158 1048 194 1109 p.
209 1032 281 1101 226,
301 1028 425 1090 Nicetus
445 1028 477 1091 iu
498 1029 622 1091 Ioanne.
664 1022 794 1092 Albeaa
812 1030 926 1092 dicitur
945 1029 1114 1092 Tudebodo
1133 1049 1164 1111 p.
1178 1034 1251 1107 784,

159 1112 297 1173 Roberto
328 1112 411 1174 blou.
432 1132 462 1193 p.
486 1117 541 1191 44,
565 1112 714 1174 Guiberto
733 1117 755 1174 3
777 1118 835 1192 12,
863 1109 1001 1176 Aduena
1023 1113 1193 1175 Raimundo
1214 1112 1254 1173 de

160 1196 271 1275 Agiles
291 1212 322 1275 p.
337 1198 409 1256 146.
451 1194 591 1259 Adanum
612 1200 644 1257 et
657 1196 788 1259 Tarsum
812 1204 956 1259 accurate
977 1196 1124 1259 describit
1144 1196 1253 1259 witte-

157 1278 296 1423 grandus
316 1276 565 1423 abfflbldenborg.
587 1278 620 1341 iu
639 1279 711 1343 ltin.
763 1280 836 1343 ride
855 1281 915 1343 los.
938 1279 1109 1343 Barbarum
1129 1280 1162 1343 la
1181 1279 1250 1343 lau.

187 1362 275 1425 ersic.
318 1407 325 1424 .
390 1367 419 1422 1.

243 1378 351 1539 2036.
395 1452 413 1519 ὅ
433 1454 585 1541 κηδεστὴς
606 1438 676 1538 ἦτοι
697 1454 715 1520 ὅ
737 1454 958 1538 συμπενθερὸς
975 1454 1137 1541 Ἡρώδου]
1163 1460 1252 1523 aelno-

157 1544 234 1614 lium
252 1546 324 1641 olet
356 1542 496 1641 Monere.
525 1546 571 1607 sio
599 1564 646 1607 ms
678 1544 785 1611 eodone
837 1549 870 1606 et
892 1546 1018 1642 ,quidem
1040 1564 1103 1643 uon
1125 1546 1181 1607 abs
1201 1562 1251 1608 re:

155 1646 298 1773 {ridell
317 1628 789 1792 tftttttittttttt
811 1626 1252 1792 tittttttl'ttttt

157 1812 228 1856 ram
244 1794 339 1856 liliam
360 1795 444 1877 regis
456 1792 668 1874 Cappadocum
691 1794 723 1855 iu
742 1793 967 1856 matrimonium
982 1794 1121 1857 duxerat
1165 1812 1253 1867 συμ-

155 1872 310 1955 „svesata
326 1877 405 1939 enirn
422 1883 469 1938 est
490 1876 625 1939 affinitas
644 1876 724 1939 inter
740 1877 815 1939 duos
838 1894 878 1940 ex
897 1877 1037 1939 liliorum
1050 1878 1100 1939 rel
1119 1876 1252 1939 filiarum

155 1959 289 2041 nuptiis,
316 1958 361 2021 sic
389 1966 423 2022 ut
451 1966 579 2042 uterque
607 1978 696 2022 socer
717 1960 856 2039 dicatur,
884 1959 935 2021 bic
961 1960 1082 2043 quidem
1109 1964 1252 2040 respectu

154 2061 262 2121 nurus,
284 2042 366 2105 alter
384 2049 525 2124 respectu
552 2042 668 2125 generi.

240 2122 323 2191 dbid.
345 2132 397 2190 20.
440 2120 501 2184 dud
523 2122 581 2185 τοῦ
601 2118 739 2202 μεγάλου
762 2124 928 2206 Καίσαρος
952 2120 1101 2206 Ἰουλίου]
1124 2129 1158 2189 at
1178 2122 1251 2189 Sui-

154 2208 214 2272 das
236 2228 267 2271 v.
289 2202 473 2283 Καισάρεια
496 2208 590 2271 tradit
610 2207 805 2287 Caesaream,
826 2228 904 2292 quae
925 2216 1018 2272 antea
1039 2208 1181 2287 blaaaca,
1203 2207 1248 2271 sic

154 2292 346 2373 appellatam
368 2293 463 2356 luisse
485 2292 640 2355 aTiberio
648 2291 792 2372 Caesare,
813 2300 973 2374 postquam
986 2290 1138 2354 Archelao
1160 2291 1248 2353 illam

153 2376 328 2441 ademisset
380 2374 568 2441 sozomenus
595 2391 669 2438 vero
699 2374 917 2438 tristamus.
946 2379 967 2437 5
989 2378 1010 2436 4
1037 2375 1113 2436 dicit
1132 2373 1247 2437 Caesa·

152 2476 242 2521 ream
263 2458 433 2523 aclaudio
460 2476 570 2520 nomen
601 2460 764 2538 accepisse.
818 2464 849 2520 et
872 2455 951 2521 idem
979 2458 1095 2538 legitur
1115 2456 1149 2519 in
1168 2456 1245 2521 llist.

154 2543 294 2623 'tripart
316 2549 338 2605 6
357 2546 387 2605 a
430 2547 562 2611 ceterum
582 2542 620 2603 de
636 2536 782 2604 Mazaca
803 2541 850 2602 oio
866 2542 1001 2623 loquitur
1010 2540 1135 2602 Solinus
1156 2559 1182 2603 c.
1196 2542 1247 2602 47:

153 2622 333 2689 Mazacam
352 2622 414 2691 sab
436 2618 568 2706 Arpoeo
587 2628 686 2689 eitam
709 2620 927 2707 Cappadoces
960 2628 1097 2687 matrem
1120 2621 1247 2685 urbium

152 2712 337 2785 nominarim
367 2712 422 2795 pai
443 2705 594 2790 Arpaeua
614 2704 777 2772 nivalibus
805 2710 891 2789 iupis
913 2706 1038 2772 ardum
1058 2724 1099 2769 ae
1119 2707 1247 2769 aestivo

176 2792 283 2856 adem
305 2796 452 2859 amente
497 2794 604 2857 rano
625 2794 738 2873 earet,
758 2807 914 2878 pueroque
944 2789 1114 2872 mdipema
1131 2786 1246 2873 popula·

219 2878 301 2939 itari
321 2875 382 2940 deo
402 2808 549 2942 medat.

237 2982 288 3054 21,
309 2983 340 3040 a.
373 2964 541 3055 Ἀιδρασσ
561 2975 673 3037 dicitur
692 2979 724 3037 et
744 2973 929 3037 Ptolemaeo.

234 3057 318 3125 lbtd.
342 3065 392 3123 10.
434 3060 493 3121 boc
515 3060 721 3141 epigramma,
743 3057 824 3141 quod
844 3058 895 3121 bio
915 3054 1134 3119 Constantinus
1155 3051 1244 3115 muti-

153 3143 218 3204 lum
239 3144 356 3206 duobus
376 3142 490 3205 ultimis
511 3143 650 3204 versibus
672 3145 800 3223 profert,
818 3142 971 3223 integrum
987 3140 1116 3202 babetur
1136 3134 1244 3200 indn-

151 3226 295 3308 tbologia
320 3230 402 3289 243
429 3224 475 3297 εἰς
509 3218 682 3305 σσιήρσυς,
713 3232 881 3307 auctorque
908 3224 1005 3305 ipsius
1036 3221 1148 3284 dicitur
1179 3221 1244 3283 be-
1281 3228 1286 3238 '

151 3310 307 3372 modoeus.
464 3330 468 3341 ¹

236 3404 319 3473 dbt'd.
343 3412 394 3473 17.
445 3401 679 3491 Καππαδόκην]
708 3407 881 3471 boeotiam
901 3405 1090 3489 epigramma
1112 3402 1244 3467 habebit

156 3492 192 3555 iu
213 3491 403 3575 Antbologla
422 3492 445 3557 l.
465 3494 487 3557 l.

235 3598 286 3672 22,
295 3598 327 3656 9.
368 3592 550 3655 Naucratias
566 3590 783 3673 appellabatur
797 3595 829 3650 et
843 3607 915 3665 non,
927 3593 962 3650 ut
980 3585 1153 3669 legebatur,
1163 3584 1244 3647 Pun-

150 3674 270 3739 cratius
291 3694 369 3738 unus
391 3694 432 3740 ex
454 3675 556 3737 decem
584 3674 733 3737 iratribus
755 3672 789 3735 S.
812 3670 932 3734 basilii.

237 3755 320 3823 lbld.
344 3764 394 3822 19.
440 3754 616 3841 Θρᾳκὴσισι
636 3754 671 3816 dd
694 3752 925 3833 ἐσεκλήθησαν]
948 3752 1041 3815 aliam
1057 3745 1245 3833 Θρᾳκησίων

149 3842 302 3925 originem
324 3842 428 3905 adfert
447 3839 624 3904 Eustatblus
644 3840 676 3904 in
698 3837 888 3915 Dionysium.
929 3834 969 3899 de
990 3835 1144 3930 Thracum
1167 3848 1243 3933 roro

150 3926 331 3989 tortitudine
352 3926 513 4007 praeclare
533 3922 718 3989 Iustinianus
726 3922 858 3986 Novella
879 3914 943 3990 κςί
966 3914 1065 3979 ἐκεῖνο
1078 3936 1142 4010 σαν
1161 3934 1245 4009 σια-

149 4006 373 4087 μσλογημένων
387 4004 472 4067 ἐστίν
493 3998 543 4064 ὅτι
565 4025 623 4085 nep
645 4000 679 4065 εἴ
693 4024 741 4074 τις
762 4000 971 4086 τῶνθρσκῶν
991 3998 1154 4076 ὄνσμααειε
1175 4015 1244 4072 χω.

150 4112 222 4176 ραν,
242 4084 342 4163 adduc
361 4088 598 4172 συνεισέρχεται
619 4088 662 4171 τῷ
683 4081 764 4171 λόγῳ
789 4085 902 4156 καίης
922 4077 1056 4167 olidpr'u:
1076 4076 1131 4141 καί
1147 4100 1243 4161 στρα-
