3067 4867
293 275 336 338 tn
350 229 619 338 consuluntur
645 273 796 336 ronan.
815 273 1006 334 nannum
1038 276 1073 336 u.
1094 279 1119 337 1.
1180 274 1252 340 277

163 443 243 528 perii
265 444 434 508 onenmlis
460 442 591 506 babetur
624 441 745 507 cobors
765 445 868 506 tertio
892 438 1028 508 Valeria
1050 441 1253 512 Murmurce.

164 536 196 590 et
215 529 262 592 sic
281 528 426 589 fortassis
452 526 586 607 scriptor
611 536 717 589 noster
747 526 906 588 confundit
930 529 1084 610 legionem
1116 549 1182 594 cun
1203 554 1254 606 co-¹

163 612 266 690 horte,
289 629 368 692 quae
388 611 563 672 blarmarae
584 611 727 692 degebat·

247 699 370 771 1216.
422 693 484 755 Tot
507 693 625 772 imperii
653 693 880 755 calamitatibus
907 692 1058 773 originem
1081 695 1256 762 lleraclium

164 776 287 840 dedisse
307 783 477 858 provocata
490 777 523 838 in
535 794 569 837 se
582 777 711 838 numinis
731 775 791 852 ira,
811 776 880 837 dum
892 775 1161 840 blonotbelitarmn
1183 781 1258 844 bae.

162 861 255 924 resim
288 866 401 922 temere
437 866 609 939 susceptam
636 858 824 940 pertinacius
843 865 963 935 tuetur,
992 879 1082 922 nemo
1111 862 1257 944 ignorat;

161 943 275 1026 quippe
297 943 336 1006 ab
359 942 495 1005 lleraclii
525 941 712 1022 temporibus
732 941 882 1006 Saraceni
903 943 1076 1006 ltlaometbe
1104 944 1181 1007 duce
1202 967 1257 1012 ea.

161 1035 218 1108 put
236 1027 375 1090 extulere
406 1032 438 1086 et
458 1025 625 1088 llomanum
655 1025 814 1105 imperium
844 1026 904 1088 iam
925 1032 988 1087 tum
1009 1027 1124 1109 alioqui
1145 1030 1257 1093 Persa-

161 1128 230 1174 rum
251 1109 345 1172 armis
366 1127 545 1171 concussum
576 1108 697 1190 maguis
717 1107 855 1172 cladibus
875 1109 1057 1187 affecerunt,
1080 1110 1256 1177 Palaestina

159 1191 258 1272 syria
281 1198 373 1273 atque
395 1189 538 1272 Aegypto
562 1191 629 1272 ipso
649 1191 795 1253 llcraclio
814 1198 967 1274 regnante
985 1193 1130 1254 subactis.

248 1281 297 1352 13,
311 1281 342 1338 3.
364 1274 499 1356 longini
519 1274 755 1356 appellatione·
770 1293 827 1355 pro
849 1294 886 1337 eo
905 1275 958 1357 qui
970 1275 1054 1338 mille
1069 1276 1145 1338 viris
1165 1294 1255 1356 prae·

161 1363 246 1420 esset
259 1376 320 1420 non
343 1375 500 1439 agnosco:
522 1377 594 1420 nam
614 1357 665 1439 qui
681 1357 766 1420 mille
779 1358 923 1422 militibus
938 1355 1093 1438 praeerat,
1110 1361 1256 1423 Romanis

159 1443 310 1517 tribunus,
324 1440 451 1504 Graecis
469 1440 638 1517 χιλίαρχος
654 1441 823 1520 dicebatur,
846 1441 1095 1522 quemadmodum
1117 1443 1255 1507 centurio

160 1533 195 1588 ct
211 1515 435 1600 ἑκατόνταρχος
467 1523 518 1604 qui
541 1531 659 1586 centurn
679 1522 755 1586 uiris
786 1531 939 1605 praeerat.
982 1527 1120 1600 λοχχῖιος
1142 1534 1255 1607 autem,

160 1615 197 1670 ut
216 1607 262 1669 ait
282 1605 474 1686 llucangius‚
498 1605 578 1668 idem
599 1605 650 1687 qui
672 1599 857 1686 λοχχάρχης,
880 1607 1019 1669 nimirum
1042 1611 1179 1688 caminis
1199 1629 1254 1672 seu

161 1684 258 1766 λόγου
279 1687 408 1752 dructor.
457 1689 600 1763 Polybius
632 1689 792 1788 episcopus
816 1689 850 1751 in
872 1690 938 1751 vita
956 1689 1137 1770 llpipbanii:
1159 1693 1252 1751 πλοῖα

160 1765 245 1850 ἔχων
267 1764 300 1844 ’ἐξ
322 1765 390 1832 ἴδιοι
425 1766 626 1848 ἐμισθώσατο
648 1770 701 1830 καί
724 1773 804 1831 ulla
826 1771 933 1849 πέντε,
956 1766 1010 1828 καί
1031 1767 1128 1841 δόσεις
1149 1775 1255 1851 loyyt'-

157 1875 221 1914 νοον
241 1853 283 1936 τῷ
307 1849 484 1936 πιστοτάτῳ
504 1852 563 1912 τοῦ
583 1847 669 1913 οἴκου
692 1853 793 1916 ednod
814 1851 966 1930 χρήματα
989 1850 1150 1913 (indotatis
1172 1853 1253 1935 πρὸς

158 1931 196 1996 τὸ
219 1935 376 2016 aptandae
395 1939 490 1996 σῖτον.
513 1943 600 2000 extat
621 1938 653 1999 in
672 1937 861 2017 Antbologia
883 1937 937 2000 lo
958 1937 1147 2017 epigramma
1165 1939 1274 2018 Kop.‘

157 2017 269 2098 υηλίου
290 2017 457 2098 Λοχχίνου.
498 2019 608 2082 laudat
628 2020 699 2086 item
714 2019 891 2100 llueaugius
910 2039 965 2081 seu
986 2019 1086 2098 potius
1098 2021 1250 2089 bieursius

157 2102 241 2165 bunc
268 2103 524 2184 Porpbyrogeniti
550 2103 668 2180 locum3
685 2166 687 2174 ,
702 2107 757 2170 sed
790 2103 834 2167 ibi
861 2101 1080 2166 Constantinus
1111 2107 1250 2184 λοχχῖνοι

155 2203 225 2258 eum
245 2183 406 2265 χιλιάρχου
429 2186 595 2250 confundit.

242 2273 292 2348 ιι,
311 2274 342 2332 c.
384 2243 419 2332 in
446 2270 564 2333 utentia
588 2269 771 2350 lignenm
796 2267 917 2349 inperii
950 2266 1084 2331 osunen
1121 2267 1250 2349 opopa

156 2344 373 2431 Σολουιάριςι
402 2358 433 2414 et
467 2354 585 2435 quidem
615 2355 648 2416 in
681 2352 788 2414 eadem
818 2353 936 2414 Notitia
966 2351 1086 2432 imperii
1117 2353 1251 2416 occurrit

155 2435 269 2498 mentio
306 2433 442 2498 cobortis
477 2437 595 2517 primae
618 2435 795 2497 Salutariae
827 2435 907 2497 inter
934 2435 1053 2496 Aeliam
1084 2442 1115 2497 et
1147 2437 1249 2500 llieri-

155 2519 289 2594 chunta‚
311 2525 342 2580 et
371 2518 442 2580 alae
474 2519 589 2599 primae
620 2520 837 2598 luthungorurn
863 2517 1050 2580 salutariae
1101 2519 1155 2581 sed
1177 2519 1250 2582 vide

156 2601 251 2666 (laidi
271 2601 427 2664 Panciroli
449 2601 699 2665 Commentarios.
747 2600 868 2662 videet
891 2601 1048 2663 ortelium.

239 2681 323 2749 ltin
343 2689 374 2746 9.
419 2681 611 2764 Ἀιιολιιάς]
636 2683 715 2746 banc
743 2683 848 2744 urbem
871 2685 1061 2766 expugnavit
1080 2684 1248 2748 leoniensis

156 2765 309 2832 Sultauus
333 2785 362 2831 a.
386 2773 485 2846 1212,
506 2775 540 2831 ut
566 2775 613 2830 est
639 2768 672 2829 iu
701 2764 853 2828 Chronico
874 2766 1036 2828 Altissiod.
1065 2767 1248 2830 describitur

154 2869 233 2913 vcro
254 2869 276 2912 a
295 2851 392 2927 'l'yrio
415 2858 456 2914 16
477 2858 528 2916 16.
571 2851 642 2914 vide
664 2849 880 2912 Leuuclavium
901 2849 996 2912 Pand.
1016 2868 1043 2912 c.
1064 2855 1136 2914 18⁰.

240 2930 324 2998 lbid.
340 2939 390 2997 10.
435 2929 617 3015 Ἀιροϊιοῦ]
649 2933 784 2996 0rtelius
812 2950 852 2994 ex
873 2933 950 2996 llist.
980 2932 1065 2996 misc.
1088 2939 1128 2995 21
1149 2933 1247 2996 refert

148 3011 333 3080 Acronittm
352 3016 452 3081 locum
473 3019 518 3080 sic
540 3017 652 3079 dictum
672 3017 756 3078 circa
779 3015 954 3096 Phrygiam.

238 3096 320 3164 lbld
345 3106 394 3162 ll·
446 3093 663 3180 Kanartuvp']
695 3100 727 3161 in
756 3100 875 3161 Nobili&
913 3098 1097 3178 dignitatum
1127 3097 1247 3180 imperil

152 3183 291 3245 Orientis
312 3181 425 3246 dicitur
445 3179 586 3266 Pbrypia
606 3178 801 3246 Pacatiana.
830 3182 880 3243 ubi
900 3200 931 3244 u.
954 3183 1143 3246 Paneirolus.
1164 3183 1247 3244 unde

151 3267 310 3330 crederem
331 3265 382 3330 bic
403 3268 494 3330 ctiam
518 3286 574 3348 pro
595 3265 782 3346 Capatianes
800 3265 961 3343 legendum
982 3267 1160 3329 Pacatiana.

237 3351 361 3427 15,14.
403 3345 587 3425 μιυσοάρια]
612 3349 777 3412 Vulcanius
799 3344 952 3411 tabellae.
1004 3355 1039 3410 at
1058 3339 1245 3424 μινσοάριου

149 3451 214 3495 nou
243 3427 398 3496 tabellum
429 3433 482 3496 sed
512 3431 640 3498 lancem
667 3432 832 3514 siguificat
874 3449 904 3495 ι.
934 3431 1086 3512 llueangii
1113 3433 1164 3495 Gl.
1186 3431 1242 3497 Gr.

151 3516 291 3592 Ovidius,
312 3513 444 3578 cuelulu
465 3514 571 3580 lttta'c·¹

236 3603 286 3676 16,
307 3604 358 3663 at.
402 3599 481 3676 Quid
505 3592 708 3675 οκριυιοὶριος,
731 3615 760 3660 v.
782 3597 935 3680 Ducangii
956 3595 1007 3658 (il.
1029 3594 1085 3660 Gr.

235 3687 287 3758 17,
310 3687 359 3744 16.
403 3677 617 3760 δεξιολάβους]
648 3681 725 3744 baec
752 3699 817 3743 vox
836 3682 970 3743 occurrit
993 3679 1025 3741 in
1046 3677 1134 3742 Actis
1155 3676 1241 3759 Apo-

148 3763 298 3828 stolorum
319 3783 344 3827 c
366 3771 416 3842 23,
437 3765 489 3828 ubi
509 3765 638 3844 vulgata
660 3763 763 3826 versio
785 3763 877 3826 babet
904 3761 1104 3828 lancearios.
1160 3761 1251 3844 lira-v

149 3867 233 3911 smus
253 3865 291 3910 co
313 3848 383 3911 loco
405 3849 485 3910 idem
506 3850 610 3909 lacere
630 3847 752 3909 videtur
771 3838 974 3922 δεξιολάβους
995 3847 1075 3929 quod
1099 3837 1243 3920 διξιοβό-

150 3929 243 4010 tuoe,
263 3932 286 3996 i.
307 3949 334 3993 e.
358 3929 499 3994 metros
529 3935 562 3992 et
615 3932 719 3993 eritoc
744 3924 934 4009 funditores
954 3937 1010 3993 aut
1027 3926 1243 3992 iaculatores.

150 4012 250 4078 Vane.
273 4011 387 4077 suidas
411 4021 443 4075 et
456 4023 563 4076 auctor
602 4012 779 4094 tymologici
799 4009 1018 4093 ιιοιροφάλοικο
1036 4011 1243 4091 interpretau-

149 4101 208 4160 tur.
242 4097 508 4181 *Theopbylactus
531 4094 700 4161 simocatta
734 4095 811 4160 illst.
833 4099 872 4160 t:
901 4090 1087 4175 προστάττει
1119 4091 1155 4154 di
1185 4091 1243 4154 ιιοι·
