3067 4867
273 340 315 399 ιιι
336 289 606 401 consuluntur
626 332 777 397 runnu.
797 334 853 395 nr
868 332 994 395 ausu.
1023 332 1060 395 u.
1079 333 1106 395 ι.
1164 324 1237 395 aar

227 514 280 588 37,
299 515 348 573 ll.
401 508 575 591 legendum
602 524 669 569 csse
685 504 832 582 llsloyls
861 512 894 567 ct
912 524 975 568 non
993 500 1125 581 utorio,
1144 521 1239 587 prac-

145 602 285 677 tcrqoam
308 612 347 656 cx
370 611 432 674 ms,
453 593 596 655 docemur
624 608 664 654 cx
691 588 846 651 Antonino
875 587 927 671 qui
947 589 1079 651 insulam
1098 586 1239 651 Rhodum

146 679 223 741 Pela
248 678 308 739 ium
332 678 425 740 ctiam
445 680 649 757 nuncupatam
669 672 763 735 fuisso
783 672 897 735 scribit

226 698 313 825 hul.
338 766 387 823 13.
441 750 621 838 Τιλμησσός
649 756 726 819 haec
756 756 831 818 urbo
856 754 1001 817 scribitur
1025 753 1108 834 spui
1136 756 1239 819 Ptole·

142 862 264 907 manum
285 850 316 905 et
328 842 468 923 Plinium,
495 833 669 920 Τελμισσός
689 856 763 903 vcro
779 838 928 902 Straboni
950 844 983 900 ct
1000 837 1146 921 Arriam,
1164 840 1238 903 urbs

144 929 274 1005 llyciac.

229 1024 313 1092 llil.
335 1030 386 1089 19.
427 1024 509 1107 apul
538 1024 743 1087 Ptolemaeum
765 1020 910 1099 Φασῆλις
931 1020 1095 1102 scribitur,
1125 1024 1239 1103 Lyciae

141 1110 304 1193 oppidum,
326 1108 408 1191 apul
428 1125 503 1171 vcro
524 1104 655 1171 Plinium
678 1116 708 1171 ct
730 1106 920 1188 Stephanum
942 1106 1150 1189 Pamphyliae.

228 1198 279 1271 38,
303 1198 331 1255 1.
380 1189 547 1255 Castalium
577 1208 685 1254 nomen
708 1191 769 1253 loci
792 1190 875 1252 circa
895 1189 1101 1255 Palaestinam
1120 1192 1239 1257 invita

142 1278 179 1341 S.
202 1276 306 1340 Sabae
327 1276 408 1357 apull
432 1275 680 1357 hletaphraelcrn.

228 1373 310 1441 llud.
333 1380 362 1439 3.
406 1368 571 1455 Κιβὺρρα]
595 1376 675 1438 duae
696 1373 784 1437 huius
801 1372 930 1437 nourinis
948 1372 1040 1439 urbes
1054 1374 1238 1457 apulStra·

140 1460 251 1525 honera
272 1458 432 1537 hahentur,
453 1460 554 1522 altera
578 1457 707 1536 lle'p‘lvpo
733 1476 846 1539 magua
872 1458 955 1521 haud
984 1466 1092 1540 procul
1113 1479 1133 1523 a
1153 1463 1238 1523 hiac-

140 1544 242 1609 aulro
264 1542 405 1623 flumine,
426 1543 527 1605 altera
557 1560 632 1605 vcro
662 1540 761 1605 minor
782 1541 864 1603 hauri
896 1542 1005 1639 procul
1033 1542 1158 1607 ahlela
1178 1542 1236 1607 liu-

140 1628 214 1703 vio;
244 1636 276 1687 et
296 1626 334 1689 tle
354 1625 413 1689 hac
433 1625 553 1709 quidem
585 1626 719 1689 secunda
740 1625 863 1688 videtur
881 1624 932 1689 luo
955 1624 1042 1707 loqui
1060 1624 1237 1709 Porpbpno-

141 1710 274 1793 genitus.

226 1812 352 1887 3213.
395 1798 645 1891 llmvcsciucsso]
679 1808 725 1871 sic
752 1824 794 1871 cx
813 1826 860 1871 ms
887 1806 1022 1872 Salanus
1041 1809 1134 1873 ctiam
1154 1810 1236 1875 Con·

142 1894 261 1958 stantia
283 1892 367 1955 dicta
387 1893 454 1969 huit,
478 1898 513 1953 ut
533 1893 639 1955 scribit
656 1890 841 1972 Stephanus.
883 1890 930 1955 its
949 1891 1043 1955 habct
1061 1901 1093 1955 ct
1105 1894 1143 1958 ll.
1164 1894 1237 1957 llic·

141 1995 305 2054 ronymus,
328 1974 379 2057 qui
409 1975 564 2057 subiungit
592 1994 659 2039 cam
682 1974 814 2038 'l'roiani
842 1973 1037 2056 imperatoria
1058 1982 1238 2062 tempores

142 2060 267 2125 ludaeis
283 2060 430 2137 deletam,
453 2058 622 2123 interiectis
640 2059 780 2123 omnibus
801 2056 867 2119 eius
887 2057 1005 2121 incolis.

226 2140 310 2208 ibid.
334 2144 385 2204 15.
415 2136 631 2241 ,posuuocju
651 2143 731 2224 apud
763 2140 969 2237 Ptolemaeum
993 2146 1026 2205 tt
1050 2139 1236 2209 Strabone·

226 2245 310 2374 iffi
328 2224 520 2389 hgnhhhhls
536 2224 889 2389 ἰξῖἰῐιιιἐὶιιιῗΓίίξῗιῖιλιῗἓξὲξο
905 2306 990 2405 hacc,
1000 2306 1075 2373 urbs
1093 2316 1234 2392 vocam,

139 2393 279 2457 lliocloro
301 2393 476 2456 Ptolemaeo
499 2398 531 2455 et
549 2390 909 2476 Stephano-Kopuooeic
930 2390 1050 2458 limum.
1093 2410 1124 2459 v.
1147 2401 1238 2460 uotae

140 2476 298 2542 llolstenii
318 2476 352 2539 in
372 2476 573 2557 Stephanum.

225 2580 276 2651 40,
301 2581 330 2637 1.
373 2576 433 2637 Pru
458 2567 601 2652 Κινύρου
635 2575 667 2638 in
689 2590 735 2637 ms
764 2590 928 2655 perperam
954 2574 1071 2657 legitur
1093 2570 1237 2655 Kto'peve

139 2658 318 2740 Stephanus
339 2659 451 2740 quippe
465 2656 598 2739 cyprm
620 2658 750 2720 insariam
771 2676 881 2720 nomen
901 2658 1057 2741 accepisse
1077 2659 1123 2723 ait
1142 2680 1163 2723 a
1177 2659 1238 2739 Cy·

139 2761 201 2825 pro
222 2742 288 2805 lilia
310 2740 454 2819 Cinyrae,
476 2742 527 2803 vel
549 2760 569 2803 a
592 2739 696 2822 Cypro
718 2740 795 2803 flore
823 2742 890 2804 illic
910 2747 1065 2807 nascente.
1107 2742 1240 2821 Cinyras

139 2844 202 2889 rex
223 2824 319 2907 Cypri
351 2825 427 2906 luit,
450 2823 555 2887 Cilicis
575 2824 667 2899 filius,
695 2825 746 2905 qui
771 2842 838 2887 cum
862 2824 992 2901 lllyrrha
1012 2828 1164 2904 iliacus,
1183 2846 1241 2890 nu·

139 2908 230 2971 tricis
253 2908 385 2985 astutia,
406 2907 535 2991 ignauus
560 2908 741 2988 concubuit,
763 2925 785 2970 a
806 2924 866 2989 quo
893 2907 951 2970 illa
971 2908 1127 2985 Gynarch
1148 2910 1240 2988 clieta,

138 3000 176 3054 ut
198 2992 306 3055 scribit
327 2990 455 3054 Ovidius
476 2992 549 3054 hlei.
566 2996 616 3053 10.
659 2996 837 3054 curantem
857 2989 1097 3073 Philostephano
1119 2991 1239 3074 cypros

71 3102 75 3107 ·
140 3074 265 3138 ‹licatm
284 3074 350 3138 filia
372 3074 507 3177 cinprao
533 3075 583 3137 vel
605 3074 738 3137 biblici
763 3074 904 3151 Veneris,
926 3073 1049 3156 ignoro,
1069 3076 1131 3139 nisi
1152 3076 1240 3139 elixa·

138 3159 188 3221 ris
217 3158 315 3221 verba
345 3158 442 3237 illan
475 3156 533 3237 τῆς
554 3156 678 3235 Βίβλον
700 3156 807 3221 addita
826 3158 922 3220 luisse
942 3177 963 3221 a
982 3158 1087 3222 scriba
1106 3160 1239 3238 intlocto,

138 3240 196 3323 qui
217 3240 364 3317 Cinyram
386 3239 483 3324 cypri
504 3258 610 3323 regem
631 3240 837 3305 contundebat
857 3260 924 3305 cum
945 3242 1047 3305 altero
1056 3242 1240 3307 Phoeniciac

138 3342 228 3406 rege,
251 3326 336 3387 cuim
357 3325 448 3407 regia
467 3324 582 3403 Byblos
605 3326 678 3389 urbs
698 3324 774 3400 iuit;
798 3329 830 3386 ct
850 3325 896 3387 sic
920 3343 977 3407 pro
998 3314 1020 3405 ἢ
1039 3324 1096 3406 τῆς
1116 3325 1248 3408 Βίβλοιι

137 3409 306 3491 legendum
330 3416 412 3470 esset
430 3406 490 3467 τοῦ
508 3407 563 3485 τῆς
582 3404 722 3483 Βύβλου,
735 3408 994 3492 subintelligendo
1013 3402 1238 3488 κρατήσαντος.

137 3500 276 3554 ceterum
299 3491 478 3555 blustathius
508 3492 539 3553 io
560 3490 738 3568 Dionysium
766 3490 901 3572 (lypnnn
922 3497 1014 3556 vocat
1032 3492 1127 3556 ilium
1145 3491 1240 3570 ciny-

136 3592 218 3651 rae,
239 3593 306 3637 cunr
340 3581 441 3637 mmeu
476 3566 611 3650 Κύπρος
638 3574 787 3637 muliebre
817 3594 928 3638 nomen
948 3575 1007 3652 sit,
1027 3576 1108 3657 poor
1130 3576 1163 3638 in
1182 3592 1240 3639 usu

137 3658 201 3721 luit
221 3676 242 3731 a
263 3658 302 3719 ml
325 3657 504 3735 Phoenices,
524 3663 558 3720 ut
578 3658 668 3719 locet
689 3656 835 3741 Scaliger
855 3659 896 3722 acl
917 3658 1080 3722 lluscbium
1101 3679 1131 3740 p.
1147 3664 1218 3723 149.

142 3770 148 3775 ·
223 3738 244 3805 l
268 3744 276 3757 '
331 3747 361 3805 P.
415 3742 540 3805 bibrum
568 3740 608 3803 lc
635 3738 762 3805 inulla
785 3759 873 3824 qoem
893 3741 1133 3824 Philostephano
1162 3742 1239 3807 smi-

137 3828 212 3905 ptor
235 3830 342 3887 noster
365 3824 529 3900 adscribit,
552 3841 670 3887 nccnon
690 3824 820 3888 Servius
853 3825 886 3887 iu
905 3831 922 3887 1
946 3824 1022 3888 Aen.
1044 3827 1133 3891 iaxta
1155 3824 1240 3889 colr-

137 3925 207 3969 cem
226 3907 420 3985 lluldcnscm,
441 3906 595 3970 Heraclidi
618 3908 726 3971 tribuit
740 3907 916 3990 Stephanus
937 3909 971 3973 in
989 3904 1146 3990 Ὡλίαρος.
1167 3908 1240 3973 ville

137 3990 281 4054 Vossium
305 3991 344 4053 dc
368 3990 525 4053 historicis
547 3989 687 4054 Graccis.

224 4087 308 4155 ibid.
328 4095 359 4154 3.
403 4090 497 4153 hiber
516 4090 587 4152 lstn'
607 4091 644 4153 lc
658 4085 838 4155 coloratisA
919 4094 946 4155 tl
964 4091 1112 4155 laniatur
1133 4089 1239 4154 aStc-

134 4170 242 4256 phano
278 4174 310 4237 in
334 4166 493 4253 Αἰγιαλὸς
526 4180 558 4236 et
572 4161 714 4255 Ὤλενος,
748 4181 780 4236 ct
808 4192 829 4237 a
875 4176 1006 4238 tenente
1025 4174 1240 4239 Alexandrino

140 2226 221 2291 haec
