3067 4867
278 1242 526 1321 VULCANII
550 1243 834 1321 DEDICATIO
861 1246 1000 1325 LIBRI
1024 1248 1171 1327 PRlMl

509 1383 577 1459 DE
605 1384 948 1461 THEMATIBUS.

369 1550 622 1610 mountssrmrs
639 1554 954 1620 smnrssnnsonn
971 1556 1081 1629 vrurs,
1138 1540 1141 1549 '

172 1650 268 1716 lANO
288 1652 443 1724 DOUSAE
458 1658 485 1723 A
500 1656 910 1811 NOORffiChlllbffllhO
929 1658 1050 1739 tusto,
1072 1660 1279 1727 Attrnfltlto

424 1856 648 1927 ‘summumne
663 1856 842 1903 ausonianas
855 1856 1026 1903 numerent

683 1960 709 2000 Ι.
743 1960 774 2000 D·

169 2070 309 2179 Immanis
323 2118 448 2201 proleoto
461 2072 612 2203 tempestas
624 2118 728 2183 belliue
741 2116 888 2204 Belgium
901 2128 1023 2181 nostram
1037 2126 1110 2183 totos
1125 2119 1181 2183 ianr
1194 2140 1281 2185 annos

170 2219 272 2304 viginti
286 2226 422 2289 mutauit
436 2225 546 2291 meavit
560 2224 710 2302 laeernvll,
725 2222 901 2290 Nobilissimi
915 2222 1131 2309 amplissimique
1144 2226 1212 2300 viri;
1232 2248 1280 2289 ne·

168 2346 226 2412 qna
240 2324 330 2391 adbuc
347 2328 461 2395 laneum
477 2330 591 2418 aliquod
607 2333 683 2400 sidus
698 2330 818 2406 affulsit,
840 2330 914 2414 quod
939 2330 1020 2395 nobis
1032 2344 1146 2395 terren
1168 2332 1283 2399 videndi

166 2433 283 2497 taudem
304 2457 385 2520 spem
406 2436 508 2503 faeiat:
538 2437 622 2503 tuem
643 2441 718 2505 euim
739 2438 866 2503 laborum
888 2450 1024 2503 tantorum
1046 2448 1172 2522 optamus
1190 2440 1281 2522 potius

166 2539 268 2603 miseri
288 2561 370 2625 qnam
389 2566 543 2629 speramus.
586 2567 624 2609 ox
646 2544 772 2611 omuibus
791 2565 862 2611 uero
877 2544 958 2609 malis
975 2566 1048 2631 quae
1062 2544 1223 2609 cateruatim
1237 2566 1281 2607 se·

151 2668 232 2711 ‘eum
252 2647 336 2711 traxit
353 2646 458 2715 bellom
477 2650 534 2717 hoo
554 2673 624 2716 vere
643 2664 743 2728 atrox,
765 2650 931 2735 adquorum
945 2651 1169 2715 reeordationem
1182 2638 1283 2717 merito

166 2752 348 2819 exhorrescit
368 2758 492 2833 animus,
511 2758 708 2845 gravissimum
721 2756 921 2843 propemodum
936 2778 1055 2823 sensere
1067 2756 1148 2822 soleo
1164 2757 1282 2841 dissipe·

164 2860 275 2927 tionem
287 2858 534 2937 bibliothecarum,
551 2886 664 2951 quarnnr
676 2864 830 2951 splendore
842 2886 878 2929 so
891 2862 1060 2929 multitudiue
1074 2862 1203 2948 Belgium
1216 2862 1284 2927 nrdli

165 2964 376 3052 prouinciarum
389 2970 472 3035 totius
485 2968 564 3035 orbis
577 2983 642 3036 ante
655 2970 709 3035 hos
721 2969 849 3035 tumultus
863 2970 991 3035 cedebat.
1034 2968 1101 3055 quid
1119 2969 1192 3033 eninr
1207 2968 1283 3032 aliud

168 3096 208 3138 ex
220 3072 454 3139 bibliothecarum
468 3076 580 3142 interitu
592 3100 674 3162 quam
684 3076 833 3141 barbaries
849 3088 877 3139 et
891 3076 1059 3163 ignorantia,
1077 3096 1114 3137 ex
1125 3072 1284 3159 ignorantie

166 3180 295 3245 eonludo
309 3182 429 3245 omnium
444 3204 553 3259 rerunt,
575 3206 612 3247 ex
628 3183 791 3247 oonlnsiono
805 3186 1001 3265 nusolptlplo
1015 3192 1058 3245 est
1073 3180 1281 3265 exspectanda?

164 3289 321 3376 prudenter
336 3288 422 3376 igitur
435 3289 597 3375 munerique
611 3289 715 3354 Vestro
729 3289 926 3357 convenienter
942 3288 1042 3363 furitis,
1060 3300 1213 3362 curatores,
1234 3288 1282 3373 qui

163 3397 308 3481 flagrante
330 3395 422 3461 adhue
442 3394 520 3459 bello
542 3393 784 3482 meviemihnsque
807 3392 963 3462 tumultibus
986 3394 1120 3480 publicis,
1153 3394 1281 3481 quicquid

163 3502 258 3569 Vobis
278 3502 322 3566 rei
343 3500 472 3589 publicae
493 3500 603 3577 clavus,
624 3503 661 3567 ad
674 3525 755 3589 quem
772 3512 930 3567 oonstenter
944 3500 1109 3587 fortiterque
1125 3500 1280 3577 excubatis,

162 3609 218 3675 otii
231 3608 378 3693 relinquit,
400 3606 430 3669 id
444 3627 526 3669 omne
540 3608 702 3673 academiae
716 3608 925 3694 promovendae
941 3618 970 3671 et
983 3606 1174 3671 bibliothecae
1191 3606 1279 3692 publi·

161 3736 220 3779 cae
234 3713 262 3777 in
275 3736 311 3778 ee
325 3713 520 3779 instaurandae
537 3712 710 3801 impenditis,
734 3727 762 3779 et
784 3714 894 3779 laceres
908 3732 945 3777 ex
958 3714 1133 3797 superiorum
1148 3735 1281 3777 annorum

162 3818 322 3903 naufragiis
335 3818 453 3894 tabulas,
473 3819 557 3905 inque
571 3834 713 3886 extremos
724 3842 816 3907 prope
831 3815 909 3883 orbis
925 3816 1042 3905 angulos
1057 3821 1171 3895 eiectas,
1191 3820 1279 3882 maxi·

160 3925 220 3989 mis
232 3924 342 3990 Vestris
355 3924 507 4013 sumptibus
521 3926 697 4014 eonquiritis,
719 3926 853 3991 collactea
870 3923 1025 4009 publicatis.
1069 3922 1105 3987 de
1120 3924 1194 3988 libro
1210 3926 1279 3989 enti·

160 4052 283 4117 quarum
295 4053 348 4115 per
361 4035 519 4099 universam
531 4034 674 4119 Europam
688 4032 896 4117 inscriptionum
909 4029 1018 4115 loquor,
1041 4050 1124 4115 quern
1137 4030 1196 4095 Vos
1211 4052 1280 4094 uere

161 4136 269 4204 Vestro
284 4136 312 4201 in
327 4161 402 4203 nsum
415 4139 554 4226 publicum
571 4138 707 4204 edendum
721 4138 845 4205 seruatis.
891 4136 1022 4199 eximium
1045 4146 1123 4199 oerte
1144 4158 1227 4220 opus,
1254 4137 1279 4199 si

161 4244 242 4331 quod
261 4266 380 4331 uuquam
393 4268 411 4312 e
425 4244 640 4337 typographicis
652 4242 760 4331 praelis
773 4243 894 4329 prodiit;
925 4241 1002 4306 errius
1015 4239 1089 4305 lame
1102 4242 1202 4307 dudum
1214 4253 1280 4307 aute

161 4350 318 4415 editionem
341 4363 427 4417 totum
448 4352 548 4417 orbem
568 4362 725 4440 pervagata
748 4348 908 4416 incredibili
927 4368 990 4412 eum
1008 4349 1050 4413 sui
1071 4348 1278 4431 exspectatione

134 4470 290 4523 -erestum
314 4460 419 4537 munit,
454 4459 561 4547 quippo
584 4458 633 4545 qui
655 4478 727 4523 nuno
750 4456 879 4531 tandem,
908 4466 991 4519 eruto
1009 4452 1106 4529 senio,
1135 4452 1279 4539 pristinum
