3067 4867
594 136 838 209 nnnlcfflo.
1243 146 1268 214 5

162 302 283 377 tionem,
313 300 387 365 udde
417 300 502 365 etiam
524 300 592 367 artis
611 302 739 369 militaris
759 304 890 390 peritiam
911 306 1103 373 conducibilia.
1155 331 1269 395 quarum

164 405 276 493 quidem
294 428 387 474 rornnr
400 410 567 495 gravitatem
582 408 704 475 ineundis
717 412 820 497 passim
826 412 1036 477 narrationibus
1050 426 1078 477 et
1091 412 1177 477 uariis
1191 426 1269 479 seto-

164 536 224 577 rnm
245 528 391 599 poetarnn
408 516 615 581 auetoritatibus
633 516 719 581 veluti
737 517 919 584 oondimontis
935 518 1096 605 quibusdum
1109 521 1217 595 miscet,
1240 532 1269 584 at

165 622 225 685 nius
245 620 330 687 leutio
344 621 392 687 rel
404 632 451 715 tsr
463 624 583 709 repetita
595 644 766 709 nequnqnsm
781 622 891 711 latiget.
934 626 1021 689 utitur
1039 646 1110 689 roro
1131 625 1266 689 interdum

164 726 319 791 nominibus
332 728 436 813 aliquot
448 729 600 797 officiorum
613 729 770 795 militarium
779 732 895 799 remotis
904 754 922 795 a
931 730 1128 796 consuetudine
1138 731 1267 817 loquendi

165 845 291 898 vetorum
313 834 503 907 Graeoorunur
537 856 617 919 quam
638 838 675 899 ob
696 860 807 901 oausam
825 847 908 901 notus
928 836 1087 902 neoossnrio
1106 835 1175 901 milri
1196 839 1266 901 adii·

164 940 283 1005 oiendae
298 939 421 1015 luriunt,
440 960 494 1023 per
510 960 578 1025 quas
596 942 685 1007 luoem
699 943 818 1030 aliquam
835 942 870 1007 iis
886 944 957 1028 ipris
968 942 1111 1007 uocabulis
1125 941 1265 1007 allerrem.

164 1049 193 1111 in
216 1047 316 1133 quilius
332 1048 357 1111 si
375 1046 469 1111 lomn
488 1070 506 1109 u
523 1070 609 1134 scopo
633 1050 778 1126 uosmet,
811 1050 922 1113 reniam
948 1062 977 1115 ot
1000 1062 1067 1134 peto
1092 1062 1121 1114 et
1143 1070 1266 1123 mereor,

162 1176 225 1218 oum
253 1176 288 1219 ea
314 1154 479 1219 dootissimis
503 1154 587 1219 etiarn
608 1160 693 1221 nostri
715 1158 779 1221 aevi
802 1156 872 1220 siris
894 1176 949 1219 non
972 1158 1103 1242 exiguum
1124 1156 1267 1243 negotium

126 1292 130 1301 ·
164 1260 302 1325 lacessant
320 1260 369 1341 *).
413 1260 532 1346 auuipito
558 1282 627 1325 veru
654 1262 728 1338 Vos,
760 1260 933 1326 Nobilissimi
961 1263 1176 1349 amplissimique
1201 1262 1265 1334 riri,

164 1367 367 1433 Constantinum
388 1386 443 1451 per
460 1388 505 1429 me
523 1364 599 1431 Oroo
617 1382 740 1455 ereptum
761 1368 869 1454 lusique
892 1368 1000 1453 pariter
1023 1379 1052 1431 et
1074 1368 1157 1431 Latio
1180 1367 1265 1430 dona-

162 1482 233 1546 tum,
261 1472 393 1558 aueipito,
423 1474 548 1558 inquam,
577 1485 606 1538 ut
631 1486 729 1538 testum
753 1476 878 1564 ingentis
900 1474 1015 1561 gandii,
1045 1474 1119 1559 qnod
1144 1494 1202 1561 ego
1230 1495 1267 1537 ox
1327 1526 1332 1534 ,

162 1598 266 1643 sumina
290 1577 374 1643 animi
402 1579 498 1645 Vestri
523 1580 558 1643 od
585 1582 704 1647 iuvanda
727 1582 816 1646 studia
836 1581 996 1655 alacritate,
1024 1603 1105 1665 quam
1121 1582 1181 1647 Vos
1194 1604 1266 1645 snm·

162 1683 337 1769 ptnosiasima
364 1684 462 1749 ltnrnnu
489 1686 697 1770 inscriptionum
718 1688 843 1756 editions
863 1687 1076 1752 luculentissime
1093 1687 1266 1762 declarastis,

164 1790 259 1855 intimo
279 1802 395 1878 postero
416 1791 544 1876 concepi.
585 1792 721 1877 simulque
740 1794 831 1859 Vobis
854 1794 1020 1877 persuadeto
1046 1814 1093 1856 mo
1122 1792 1266 1874 deinceps,

163 1897 267 1964 Vesus
287 1898 413 1984 inprimis
430 1896 561 1984 exemplo
587 1899 742 1975 incitatum,
769 1898 892 1967 dutum
919 1918 1037 1983 operatu
1064 1909 1092 1961 ut
1119 1896 1188 1961 milri
1215 1918 1269 1959 neo

163 2004 287 2069 voluutas
304 2024 396 2091 nequo
418 2003 512 2087 (alsit
529 2002 618 2069 serlo
636 2005 764 2084 invidia)
786 2002 900 2068 laenltas
917 2004 1127 2093 promovendae
1144 2003 1187 2067 rei
1206 2002 1266 2067 lite·

161 2110 255 2175 suriae
273 2110 471 2195 omandaequo
489 2109 609 2175 Vestrae
627 2112 789 2191 academias
807 2110 927 2175 deluis-so
945 2100 1082 2176 videatur.

246 2217 365 2293 anete,
396 2216 449 2281 viri
472 2216 643 2282 Nobilissimi
665 2216 896 2302 amplissimique,
919 2229 948 2283 ot
962 2239 1023 2283 rem
1039 2218 1177 2303 publicans
1194 2219 1268 2283 eius·

161 2347 217 2409 qne.
243 2325 421 2390 seminarium
448 2322 619 2389 academiam
646 2321 766 2388 lelioiter
793 2336 920 2389 cunutus
943 2322 1078 2393 fremente
1103 2324 1267 2408 lurentequo

162 2432 267 2497 invidis
288 2441 479 2518 perseverate.
934 2430 970 2497 l).
990 2430 1025 2495 v.

247 2540 374 2626 Lugduni
393 2538 555 2601 Batavorum
575 2557 601 2599 a.
622 2532 647 2599 d.
672 2538 751 2603 1588
974 2535 1173 2601 addictissimus

409 2643 462 2708 cal.
483 2642 601 2707 llurtiis.
893 2642 1085 2707 llonasontnra
1107 2640 1263 2706 Vulcanius.

229 2969 264 3039 ¹¹)
299 2970 394 3041 qnibtts
416 2972 490 3025 ueris
506 2968 591 3023 lucum
608 2982 660 3021 non
678 2967 800 3039 ossignano
816 2970 913 3025 sll'erre
928 2968 1060 3041 potuisset
1076 2967 1161 3021 sodex
1176 2980 1215 3019 ms
1230 2965 1266 3017 de
1368 3043 1371 3047 A

162 3062 260 3116 olfioiis
277 3060 368 3133 palatii
385 3060 443 3115 siro
458 3059 535 3115 aulae
551 3057 723 3130 comitanus,
746 3058 821 3114 ouius
838 3078 895 3117 eum
912 3079 962 3132 ugo
980 3070 1044 3115 unte
1059 3074 1142 3113 unos
1158 3054 1267 3107 oiroitsr

162 3151 260 3220 viginti
283 3152 318 3207 sl.
342 3171 371 3207 r.
393 3151 527 3207 losohimo
551 3150 679 3225 Hoppsro
698 3150 808 3223 Belgioo
824 3154 856 3207 in
868 3153 1006 3225 ffispsutts
1026 3147 1145 3223 promidi
1162 3142 1265 3217 copiam

160 3242 299 3310 fecissem,
323 3242 406 3314 periit
421 3242 485 3297 mint
502 3260 555 3297 nus
571 3260 629 3297 unm
646 3244 743 3313 optimo
760 3242 805 3297 illo
822 3243 1027 3315 doctissimoque
1042 3240 1113 3296 uiro.
1147 3252 1204 3291 enm
1222 3244 1264 3289 tn-
1391 3307 1395 3315 Ι

161 3348 222 3385 nen
240 3326 413 3401 ἐπέγραφον
430 3334 487 3388 eius
503 3332 587 3387 libelli
603 3334 631 3387 iu
647 3334 807 3389 bibliothece
817 3332 1036 3389 christianissimi
1046 3329 1183 3384 Gallorum
1192 3326 1266 3395 regis
1328 3338 1331 3343 ’

162 3423 297 3477 numeri
319 3424 465 3495 intelligunt
487 3432 516 3479 et
538 3424 608 3481 uliud
632 3426 659 3478 iu
684 3426 846 3481 bibliotlreou
868 3425 1023 3495 Angnstnna
1045 3428 1152 3477 exstnro
1173 3417 1267 3485 scium,

160 3517 231 3569 horn
245 3530 309 3587 spos
325 3530 367 3569 ns
383 3514 464 3569 lnubet
480 3516 539 3569 lore
555 3514 694 3585 nliqnundo
714 3522 960 3581 intonuerunt,
985 3514 1056 3585 quod
1082 3526 1135 3565 non
1159 3508 1266 3561 inride-

161 3605 226 3674 rim,
253 3604 364 3661 alterins
388 3606 498 3661 nlionius
522 3623 604 3679 opera
627 3607 729 3661 auctori
753 3604 829 3660 simul
846 3613 874 3659 et
890 3604 943 3659 sibi
960 3604 1011 3659 ltro
1027 3601 1055 3659 in
1072 3604 1149 3675 parto
1165 3600 1265 3653 snbre-

160 3696 258 3753 nintttr.
300 3696 513 3771 l'rsloorritts,
539 3698 585 3751 udi
601 3698 672 3752 notis
689 3698 747 3753 susis
761 3700 917 3767 protestetur.

614 4012 822 4024 μον-ψ--σ--υ-ιι
