3067 4867
348 460 420 532 aso
686 427 691 438 ’
757 461 1028 530 wrssnnrnon
1083 487 1091 504 ·
1132 529 1138 542 ,

346 643 448 702 autem
466 636 508 699 51
529 637 646 699 tantm
668 633 845 718 provincias
868 640 909 697 et¹
921 635 983 696 a51
1004 632 1144 696 civitates
1166 629 1319 696 exhibeat.
1366 649 1461 716 quae

346 719 551 785 accusationis
573 720 678 801 capita
697 720 744 796 si,
765 727 800 780 nt
820 725 961 800 oportet,
983 716 1212 798 expendantur,
1234 734 1380 780 canuam
1407 725 1459 778 te-

348 821 423 869 nere
443 803 525 866 liaud
555 809 717 884 poterunt3
749 801 830 884 quod
852 809 887 864 ut
910 801 1058 864 unicuivis
1081 799 1265 876 dilucescat,
1288 799 1458 862 Constan-

349 889 405 951 tini
426 886 621 969 imperatoris
641 885 663 949 l.
684 890 707 948 Ξ
729 883 821 946 them·
842 890 861 947 1
882 884 989 963 verba,
1010 884 1074 946 illis
1100 883 1222 946 adnexa
1240 899 1319 1026 punc
1338 883 1379 946 in
1402 903 1459 944 su·

348 971 523 1054 perioritns
542 967 699 1050 exscmpta
718 969 865 1045 dedimus,
887 968 1074 1033 inseramus:
1097 961 1202 1046 ἀρχὴν
1222 983 1239 1023 ο
1261 987 1278 1027 s
1298 965 1358 1044 τῆς
1383 961 1459 1025 Ed-

348 1047 456 1134 poo'mpc
488 1045 546 1129 τήν
583 1048 734 1126 βασιλίδα
761 1051 826 1110 τῶν
853 1044 974 1110 πόλεων
1003 1049 1059 1108 aad
1085 1049 1142 1110 soci
1172 1039 1291 1128 κόσμου
1313 1043 1455 1119 παντός,

347 1129 407 1214 τήν
426 1133 501 1195 oa'or
517 1127 663 1213 Ῥώμην,
692 1128 751 1212 τὴν
776 1125 1111 1194 llcoooroortoooinoico
1141 1125 1202 1210 ἐγῶ
1221 1133 1347 1212 τίθημι.
1398 1127 1456 1192 διὰ

348 1213 519 1278 τοῦτοκαὶ
538 1211 573 1277 ad
595 1215 672 1294 nepo*
697 1212 797 1298 αὐτὴν
816 1217 911 1297 ilipa,
942 1211 978 1276 τὸ
1001 1209 1191 1292 καλούμενον
1211 1212 1330 1300 Θρᾴκη,
1356 1209 1397 1275 τὰ
1422 1213 1458 1276 ἐν

289 1305 415 1370 627τοῖς
443 1294 600 1380 Εὐρώπης
629 1299 760 1378 μέρεσι,
794 1293 943 1376 θεμάτων
967 1297 1091 1379 πρῶτον
1129 1297 1323 1375 audaciadure.
1385 1299 1458 1382 quis

349 1386 440 1533 ffiim'
460 1385 555 1530 quood}1
557 1384 679 1530 ,lappam
670 1383 808 1530 *affl
833 1382 995 1530 Affiltrlprus
1026 1381 1216 1530 Balpdnrius,
1244 1400 1307 1445 non
1329 1381 1456 1446 viderit

391 1487 427 1531 ec
446 1487 509 1532 non
556 1485 602 1530 rer
810 1486 866 1529 ons
947 1485 980 1530 ιιι
1009 1484 1066 1528 ver
1086 1485 1108 1528 a
1128 1484 1204 1544 csse,
1223 1483 1371 1530 massam
1399 1485 1455 1529 cx-

349 1549 738 1650 plicantis·cur·'llnraciae
756 1549 884 1614 themati
906 1551 986 1615 inter
1008 1549 1174 1648 liupopaea
1192 1550 1322 1630 primum
1347 1550 1453 1612 locun

349 1641 553 1802 {iiiia
571 1634 732 1783 {iiiiii-¹
749 1637 1454 1812 ltttd‘tttddtttttttf‘i‘

349 1821 441 1886 quam
460 1801 575 1886 primus
605 1802 726 1883 ipsein
748 1802 899 1883 pullicum
931 1800 1023 1876 dedit,
1046 1801 1086 1864 ab
1110 1800 1278 1862 llolsteinio
1303 1817 1348 1864 cx
1372 1801 1452 1863 Far-

347 1887 476 2032 liii'
498 1882 1450 2048 ctottltm‘tittt‘ittotaiiddt‘ittt

348 2054 414 2116 cias
430 2051 485 2115 sed
511 2055 554 2115 65
575 2071 643 2114 esse
664 2052 793 2130 debere,
824 2053 967 2134 quoniam
994 2051 1027 2114 in
1048 2051 1239 2128 Synccdenro
1258 2051 1449 2134 Pamphylia

347 2137 484 2198 emunda
505 2142 700 2213 memoratur,
720 2153 870 2216 nusquam
891 2137 1005 2216 prima:
1027 2135 1076 2198 cui
1091 2153 1150 2218 ego
1171 2133 1309 2217 opinioni
1325 2137 1447 2198 nullon

349 2219 410 2281 nisi
443 2219 476 2281 in
504 2217 619 2281 latina
647 2218 791 2280 versione
821 2219 1008 2299 praesidium
1037 2218 1169 2301 reperio.
1222 2218 1281 2280 etsi
1303 2219 1389 2281 enim
1411 2237 1449 2281 ex

348 2301 559 2364 ecclesiastica
586 2301 786 2381 dispositione
807 2299 1016 2382 Pamphyliam
1036 2302 1069 2364 in
1090 2301 1167 2366 duas
1188 2301 1305 2364 luerint
1326 2302 1449 2384 partiti,

350 2391 437 2447 utet
466 2383 545 2447 duae
571 2382 622 2446 tic
648 2391 881 2463 recenserentur
910 2385 988 2448 nihil
1013 2386 1070 2448 tuit
1098 2403 1240 2463 necesse,
1260 2387 1449 2466 praesertim

350 2487 418 2531 cum
440 2485 504 2531 una
525 2468 678 2531 duntaxat
697 2467 730 2530 in
751 2467 868 2531 Notitia
887 2467 1007 2550 imperii
1027 2469 1159 2531 Orientis
1181 2467 1373 2551 reperiatur,
1393 2487 1449 2530 nec
1501 2519 1502 2527 ,

351 2553 430 2615 duas
447 2551 650 2629 lastinianus,
677 2557 712 2614 ut
733 2552 908 2616 Novella8
931 2551 1041 2615 indicio
1061 2559 1127 2629 est,
1147 2553 1280 2615 noverit.
1321 2551 1360 2614 iol
1382 2551 1450 2614 ini-
1500 2617 1501 2629 ἶ

350 2636 426 2698 tisri
446 2636 551 2715 nolim,
571 2635 679 2720 deesse
699 2635 805 2715 plures
826 2635 977 2714 multatos
998 2653 1056 2698 nec
1075 2653 1229 2698 numerum
1249 2636 1316 2698 985
1339 2642 1448 2698 rotun·

350 2720 431 2782 dari.
483 2723 632 2800 grassata
659 2717 858 2781 librariorum
877 2719 1080 2801 negligentia,
1107 2725 1141 2782 nt
1160 2720 1192 2782 in
1214 2719 1329 2782 ceteris
1351 2717 1449 2781 omui·
1499 2729 1500 2733 ’

350 2800 418 2878 ltus,
440 2804 472 2862 ct
489 2801 540 2863 liic
560 2809 627 2877 cst3
661 2803 827 2884 multaque,
849 2802 922 2884 quia
942 2803 1104 2866 vidosiora
1122 2803 1315 2880 ridebantur,
1338 2802 1448 2884 negle-

350 2884 407 2964 xit,
431 2885 495 2948 alia
513 2885 699 2966 turpissimis
718 2887 836 2948 mendis
855 2885 1002 2951 foedavit
1056 2903 1155 2968 neque
1174 2903 1294 2968 nupera
1314 2903 1358 2950 ca
1382 2903 1448 2949 cor·

350 2969 474 3050 ruptela
508 2975 570 3032 cata
604 2969 633 3030 si
660 2969 700 3030 de
728 2967 921 3032 Constantini
955 2970 1149 3051 immaturis
1182 2971 1288 3032 codice
1310 2987 1358 3034 ex
1386 2969 1445 3032 ill'm

352 3070 432 3134 quac
452 3053 485 3115 in
503 3052 526 3114 l.
548 3058 569 3114 2
590 3051 696 3114 rnen.
719 3051 791 3114 inde
811 3053 981 3130 transtulit,
1003 3053 1209 3116 coniecturam
1229 3052 1356 3131 leceris,
1380 3071 1446 3115 car-

352 3131 575 3216 niptissimum,
604 3152 703 3216 neque
732 3136 848 3198 nostris
874 3135 1036 3216 munditie,
1059 3137 1197 3218 quamvis
1215 3137 1384 3200 admodum
1403 3136 1448 3198 in-

354 3218 503 3298 quinatis,
522 3218 779 3298 praestantiorem
801 3219 954 3300 reperies:
975 3238 1092 3284 somma
1111 3221 1165 3282 ille
1185 3220 1253 3282 imis
1274 3219 1400 3283 miscuit
1417 3225 1450 3280 ct

354 3300 582 3380 provinciarum
615 3301 763 3364 terminos
793 3303 1039 3386 frequentissime
1070 3302 1227 3386 migrarit.
1268 3321 1354 3402 puae
1374 3305 1451 3366 ritis

354 3389 422 3446 utut
441 3401 588 3466 agnosco,
608 3391 711 3449 tomen
730 3386 957 3450 criminationes
979 3387 1105 3469 quaein
1125 3388 1206 3450 hanc
1223 3387 1375 3450 Notitiam
1396 3385 1450 3450 ad-
1492 3434 1493 3455 ι

355 3471 504 3545 teruntur,
526 3473 558 3529 et
579 3467 686 3550 quibos
699 3477 894 3549 peccatorum
910 3489 1036 3552 quornm
1055 3471 1304 3534 innocentissima
1321 3477 1375 3532 n
1395 3487 1451 3532 rea
1491 3521 1492 3558 ,

355 3552 547 3698 {termulis
565 3552 762 3698 rppellcndas
795 3554 985 3633 existimem
1019 3553 1100 3637 qnod
1127 3573 1167 3618 uc
1187 3573 1268 3618 mmo
1296 3569 1450 3636 exsequ
1490 3611 1491 3663 ,

399 3652 419 3696 a
461 3653 496 3697 ro
516 3654 527 3696 ι
548 3653 587 3698 cn

439 3655 652 3794 {Quaerendum
672 3724 741 3797 est,
768 3719 908 3783 civilisne
936 3739 977 3784 an
1005 3719 1216 3784 ecclesiastica
1243 3718 1365 3782 merita
1405 3717 1449 3782 la.
1489 3713 1490 3765 l

355 3799 530 3864 llardoinns
550 3803 583 3864 in
604 3802 813 3866 Antirrhetico
834 3810 865 3865 et
885 3804 989 3868 Nomia
1010 3805 1076 3868 urb.
1098 3803 1195 3886 antiq.
1227 3803 1339 3867 illustr.
1366 3801 1448 3864 litem
1488 3797 1489 3869 l

356 3883 519 3947 secumdum
541 3885 778 3950 ecclesiasticam
807 3885 900 3966 dedit,
923 3887 1005 3962 licet,
1028 3906 1083 3950 cur
1113 3905 1181 3950 eam
1199 3887 1306 3951 tulerit
1323 3893 1448 3948 scatu-

357 3967 441 4046 tiam,
463 3966 575 4031 docere
602 3972 795 4052 neglexerim
825 3978 953 4054 etpost
985 3971 1174 4036 llarduinum
1202 3973 1316 4053 pluras.
1369 3967 1448 4032 lnaad

357 4057 460 4114 tamen
479 4050 563 4114 iure:
590 4052 669 4115 nihil
689 4055 769 4117 enim
794 4052 1001 4132 Syuecdcmns
1028 4055 1224 4138 praecipuum
1244 4054 1349 4132 habet,
1370 4051 1448 4116 unde

360 4134 575 4197 ecclesiasticis
594 4136 718 4200 Notitiis
734 4137 941 4202 accensendus
961 4138 1061 4202 videri
1081 4141 1189 4221 possit.
1212 4137 1298 4216 nndli,
1316 4145 1353 4199 nt
1374 4139 1447 4200 benc

359 4225 467 4279 cunctor
486 4218 616 4282 uiscera
638 4218 813 4304 Chorogr.,
833 4221 946 4302 throni,
967 4239 1061 4285 rarae
1082 4223 1275 4304 metropoles,
1298 4222 1379 4284 nulli
1398 4236 1445 4282 ar·

360 4299 562 4384 clispiacopi,
578 4303 656 4368 nolli
678 4305 892 4388 autocephali3
924 4325 1050 4389 cumque
1070 4305 1102 4370 in
1122 4325 1185 4372 una
1206 4321 1300 4388 saepe
1320 4303 1443 4387 provis-
