3067 4867
220 341 263 408 lli
279 339 548 410 concisorum
567 345 716 414 souma
734 351 809 418 tte.
829 355 883 419 lili
901 354 999 424 amu.
1020 362 1099 427 tlte.
1125 359 1200 432 ⁸339

120 509 211 576 della
232 509 452 614 Caemaprafia
478 515 607 583 ettam
639 515 839 626 Visetdotnm
868 545 928 592 aee
949 545 1114 617 nequem
1132 533 1202 602 Ne.

119 593 210 742 pipp&
227 592 690 760 midgffpp‘ffiglmsspg
710 608 993 691 wirciniacum
1014 633 1077 682 can
1097 617 1129 684 le
1146 617 1200 700 [a-

200 785 270 855 tao,
290 783 321 842 8.
359 775 543 860 Ῥαουσιόυ]
577 805 654 871 quse
676 779 824 852 ‘Pacisce
857 801 888 856 et
904 787 1069 858 ‘Paciaeci
1091 801 1202 868 dicitur

117 861 381 944 Porphyrogeuito
404 873 436 926 et
459 865 607 952 cedreno,
630 891 651 934 a
671 871 796 939 zonara
817 879 992 958 appelletur
1006 877 1199 960 Ῥαγούσιον.

180 958 281 1053 ,Μ
298 969 347 1024 12.
389 964 553 1046 Perperanu
574 969 741 1037 inhonora
761 977 905 1040 scribitur
927 973 944 1037 o‘
966 976 1121 1062 Ὀωρίφας
1142 1003 1198 1064 pro

111 1037 252 1122 Ὀρυφας
274 1047 325 1111 ret
344 1040 493 1129 Ὼρῦφας.
537 1052 626 1116 huius
650 1062 750 1119 autem
770 1059 893 1122 ltlicetae
922 1063 1044 1144 patricii
1065 1067 1200 1131 meminit

112 1125 333 1192 Ludoricnsll
360 1129 527 1212 imperator
557 1135 590 1198 iu
610 1137 751 1218 Epistola
773 1141 812 1204 ad
832 1141 976 1210 Basilium
1003 1145 1198 1216 Macedonem

114 1207 338 1292 imperatorem,
359 1213 412 1276 uhi
433 1209 625 1283 Hadriatici
642 1227 795 1286 servator
816 1226 935 1291 dicitur.

196 1307 280 1376 lttd
302 1317 351 1377 16.
393 1311 651 1397 πολιορκήσαντες
672 1314 707 1380 τὸ
731 1316 867 1400 udorpoe
887 1321 1031 1404 Βάρεως]
1053 1329 1197 1398 huchen-

110 1395 268 1540 ἵκω
288 1396 364 1458 illst.
398 1397 536 1480 hangoh.
570 1421 596 1466 c.
621 1409 678 1468 20:
706 1422 768 1486 per
795 1405 879 1472 idem
904 1415 1031 1492 temptes
1051 1409 1196 1496 Apnrerui

187 1478 194 1492 '
244 1479 424 1544 insidentes
443 1490 609 1565 cepertaei,
630 1485 841 1554 devastantes
861 1493 1039 1574 stirpitus,
1058 1497 1195 1580 deprae-

111 1556 196 1622 dare
215 1565 318 1626 iatam
345 1557 499 1644 Apuliam
525 1563 713 1632 Calabriam
741 1577 776 1636 et
804 1573 999 1656 pedetentim
1020 1575 1195 1646 &lernam

108 1658 154 1703 ae
174 1637 390 1708 Beneventum
419 1646 613 1730 depcptdari
642 1655 821 1719 initiarunt.
873 1661 992 1724 evocati
1012 1671 1112 1726 autem
1134 1665 1193 1730 Sa-

105 1726 214 1788 raceni
235 1727 321 1790 fuere
347 1745 368 1790 a
391 1728 559 1812 Radelgiso
586 1735 684 1816 princi
705 1755 723 1798 e
747 1737 962 1805 Beneventano
992 1744 1024 1806 iu
1046 1747 1192 1811 auxilium

105 1826 195 1870 suum
216 1816 324 1874 watra
345 1809 518 1893 Capuanos,
539 1835 594 1898 per
614 1757 787 1882 Pandanam
811 1821 1005 1888 Castaltleum
1027 1828 1192 1892 Barenseru

106 1891 229 1954 lideleru
251 1912 355 1973 suum,
376 1903 411 1956 nt
430 1895 545 1961 hahent
564 1900 740 1978 Anonymus
770 1901 872 1967 Casin.
897 1927 924 1970 e.
944 1913 975 1986 8,
999 1911 1062 1972 heo
1086 1913 1149 1976 Ost.
1174 1919 1191 1974 1

105 1979 160 2052 27,
183 1981 213 2037 et
230 1974 401 2040 chronicon
434 1979 468 2042 S.
489 1981 640 2047 Vincentii
661 1984 700 2046 dc
720 1985 874 2050 Vulturno
898 2009 927 2070 p.
948 1997 1019 2058 ost.
1061 1995 1114 2055 sed
1137 2015 1192 2058 cnr

102 2055 226 2120 dicatur
252 2059 377 2122 Barium
396 2061 580 2129 flausiorum
600 2067 674 2129 urhs
695 2067 838 2144 symeoni
863 2072 1048 2154 logothetae,
1069 2095 1191 2142 causam

102 2141 186 2222 apud
208 2141 288 2204 alins
308 2143 472 2225 scriptores
493 2166 554 2210 non
569 2151 700 2230 reperio.
744 2152 797 2214 Sic
816 2153 870 2214 ille
890 2155 929 2218 ad
955 2176 1064 2220 annum
1075 2165 1114 2220 1⁷
1134 2163 1190 2222 im-

101 2223 182 2302 perii
202 2223 309 2289 Basilii
331 2225 525 2294 Macedonis:
554 2227 713 2303 Σολδανός
736 2229 752 2289 o‘
774 2235 837 2294 coir
853 2231 1034 2316 Ἀγαρηνῶν
1053 2237 1190 2320 α’ρχηγὸς

101 2299 281 2386 τὴνΒάρην
304 2303 469 2389 κρατήσας,
490 2303 559 2388 ἥτις
578 2312 662 2374 ἐστίν
682 2314 770 2386 πόλις
788 2311 911 2397 μεγάλη
931 2323 991 2381 τῶν
1003 2318 1188 2399 ‘Phoenicum

98 2385 158 2446 sci
188 2387 221 2449 ἐν
243 2380 325 2473 adep
352 2389 558 2477 κατοικήσας,
585 2393 702 2468 πολλάς
732 2391 842 2479 ἑτέρας
872 2396 977 2476 πόλεις
1006 2403 1061 2464 καί
1081 2402 1189 2486 χώρας

96 2467 345 2550 cessianicum.
1242 2492 1246 2499 '

183 2568 266 2636 lhid.
289 2577 339 2636 18.
382 2569 480 2652 μέχρι
495 2565 640 2656 Ῥώμης]
658 2584 691 2640 nt
710 2597 805 2659 porro
826 2579 975 2646 Saraceni
989 2585 1020 2646 in
1041 2585 1184 2648 finitimas

94 2653 275 2735 provincias
297 2655 384 2718 etlusi
411 2657 569 2738 imperium
594 2678 680 2724 suum
700 2661 733 2724 in
753 2662 845 2726 ltalia
863 2665 1038 2744 dilatoriae,
1061 2679 1185 2748 practer

94 2737 393 2820 Porphyrogeuitum
414 2746 445 2802 ct
471 2740 550 2804 alios
580 2743 746 2824 scriptores
770 2745 916 2824 Graecos,
937 2768 958 2811 a
978 2751 1067 2813 nohis
1088 2771 1184 2832 supra

92 2821 217 2896 citatos,
237 2822 376 2902 pluribus
389 2841 453 2886 rem
468 2824 663 2907 prosequitur
674 2827 907 2910 lirchempertns
918 2851 944 2893 c.
954 2835 1005 2914 29,
1027 2841 1061 2896 ut
1078 2836 1183 2899 etheo

178 3001 261 3068 Ihid
286 3009 336 3069 18,
378 3004 455 3068 hacc
474 3007 568 3088 paulo
590 3007 715 3072 diversa
735 3027 756 3070 a
777 3009 902 3074 Zonera
923 3020 1106 3093 narrantum
1128 3035 1180 3078 ve

87 3105 161 3149 ram
182 3087 216 3149 iu
236 3087 295 3150 hoc
316 3089 499 3152 conveniunt
519 3109 622 3153 omnes
635 3091 749 3154 Gracci
761 3093 936 3173 scriptores,
958 3096 1102 3160 Basiliam
1113 3100 1180 3162 illa-

87 3171 319 3250 cedanemlnon
344 3173 433 3235 modo
453 3173 635 3238 destinatam
663 3192 722 3256 pra
742 3176 893 3240 Dalmatis
914 3179 1042 3242 classem
1063 3183 1095 3244 iu
1116 3180 1178 3246 lta-

87 3255 194 3316 lornm
214 3254 379 3318 subsidium
401 3255 539 3331 misisse,
559 3257 616 3322 scd
634 3263 667 3318 et
682 3258 850 3322 sammon
872 3263 1042 3340 pontificem
1063 3273 1095 3328 et
1115 3266 1177 3328 hu-

84 3337 232 3400 dorieun
242 3338 392 3401 Francim
412 3357 527 3422 regem,
547 3347 581 3403 ut
602 3340 667 3402 sais
683 3342 779 3421 copiis
799 3342 894 3404 ltalos
908 3345 1099 3426 adiuvarent,
1121 3368 1178 3429 per

84 3419 238 3500 epistolas
257 3421 420 3502 lupulissc
464 3430 497 3486 at
517 3423 682 3504 scriptores
700 3424 814 3500 Latini,
835 3425 1069 3509 llrehempertns
1089 3432 1176 3494 uimi-

82 3522 157 3565 rum
177 3509 208 3565 ct
226 3511 334 3566 auctor
358 3505 492 3568 chronici
522 3506 556 3571 S.
580 3507 732 3570 vincentii
754 3508 794 3572 de
815 3509 985 3588 Vulturno,
1015 3523 1175 3578 euocatum

82 3587 223 3667 prodant
242 3587 426 3652 ludovicum
446 3588 596 3652 macne
614 3607 720 3672 regem
748 3609 770 3654 a
789 3589 944 3673 Captionis
966 3600 997 3655 ct
1017 3592 1175 3660 Beneven-

81 3670 179 3748 tanis,
199 3669 365 3734 Benevcnti
384 3673 461 3734 lines
475 3689 533 3753 per
552 3671 664 3737 Soram
689 3674 874 3754 ingressum,
895 3676 1068 3758 Capuaque,
1089 3681 1173 3752 cuius

77 3753 1096 3921 tlttti‘ltiz'ttiitt‘,tts‘ttttttttiitltt
1106 3783 1170 3906 ti:

567 3885 576 3916 9
991 3891 1010 3922 Β

78 3921 239 4000 gnstalenr
259 3919 426 3984 exercitum
454 3939 588 4002 pugnam
618 3923 804 3994 commisisse
835 3923 1008 4007 indisseque
1039 3927 1171 3992 Saracc-
1223 3991 1225 4000 ,

78 4023 164 4075 mos3
187 4004 295 4066 demde
309 4003 460 4066 lllatcraun
476 4001 686 4068 accanmiun
706 4013 918 4088 expugnasse3
940 4026 1095 4072 nevers-mu
1118 4011 1170 4070 de-

77 4085 397 4168 niquellenerentmu,
411 4105 476 4149 eum
488 4085 711 4151 Somccrmrum
725 4088 808 4152 vires
822 4088 998 4154 debilitatae
1011 4093 1169 4154 admodum

76 4175 199 4249 esseut,
218 4170 310 4233 misso
332 4170 466 4234 exercitu
486 4169 589 4234 Barim
609 4171 735 4252 cepisse,
758 4179 790 4235 et
810 4173 842 4236 iu
864 4191 903 4238 ea
922 4174 1080 4258 Sergiam
1102 4193 1167 4238 cum
