3067 4867
285 647 518 727 MORELLI
575 644 860 725 nuntcn‘mo
918 647 1056 727 LIBRI
1115 648 1335 737 SECUNDl

581 784 650 862 DE
697 784 1041 865 THEMATIBUS.

338 955 627 1028 tuuuetfflssttto
648 956 1053 1111 bgfflltglplgsfflffl
1075 960 1279 1057 cunnum}

413 1158 658 1209 nncfflmsoom
668 1159 853 1217 emomst,
871 1160 1054 1207 denotemus
1065 1160 1209 1220 emtum,

261 1266 503 1309 anterranum
531 1264 618 1303 ιιοιι
645 1264 789 1304 runem
818 1265 858 1304 nn
886 1264 1038 1305 narum
1066 1264 1362 1319 nonsummum,

347 1353 561 1411 uuuumcus
576 1350 781 1428 MORELLUS
798 1350 1021 1409 Pnouuseou
1035 1354 1178 1411 nnuma
1195 1354 1227 1412 S.
1244 1354 1277 1409 Ρ.

342 1494 387 1557 Εο
427 1492 598 1556 Constantini
636 1489 940 1578 porphyrogennetae,
983 1491 1141 1558 Cardinalis
1175 1490 1365 1568 illustrissime,

260 1598 484 1685 dlonoppo'pov
505 1595 627 1677 οἷνιᾶξιι
647 1604 782 1677 πολλῶν,
803 1600 1012 1663 commentarius
1031 1598 1068 1662 de
1085 1598 1265 1663 Thematibus
1282 1620 1365 1683 prae·

260 1706 410 1772 fecerisve
437 1705 618 1771 occidentalia
645 1706 733 1791 partia
758 1706 870 1793 imperii
889 1707 1019 1782 orientia,
1043 1704 1176 1769 hactenus
1194 1706 1367 1769 desideratus

261 1826 290 1880 et
318 1815 355 1877 ab
383 1817 757 1898 ἱστοριαρχαιολογοφίλοις
784 1815 900 1879 notitiae
923 1812 1066 1876 Romanae
1090 1812 1219 1877 studiosis
1243 1812 1368 1877 omnibus

260 1922 332 1985 votis
351 1922 504 2007 expetitus:
526 1942 605 1994 nuno,
628 1918 653 1982 si
669 1921 759 1983 minus
776 1920 896 2007 integer,
920 1918 1096 2000 ὅλοοχερής,
1118 1930 1146 1981 ολ
1161 1932 1239 1983 certe
1253 1932 1369 2004 quantus

260 2040 374 2112 quantus
392 2028 421 2089 in
438 2028 520 2088 unico
537 2026 628 2089 veteri
647 2023 746 2087 codice
763 2046 806 2086 ms
822 2024 932 2107 Regiae
950 2023 1140 2088 bibliothecae
1159 2046 1259 2087 recens
1277 2046 1295 2087 a
1311 2046 1367 2102 me,

261 2135 362 2197 dextro
379 2130 540 2205 Mercurio,
573 2141 730 2214 compertus
754 2140 813 2205 est,
843 2128 1011 2213 descriptas,
1044 2132 1221 2215 recognitus,
1253 2144 1370 2218 utraque

261 2240 358 2324 lingua
382 2238 580 2323 imperatorum
602 2236 692 2299 editoe
709 2237 836 2321 notisque
854 2235 1000 2299 illustratus
1019 2236 1132 2321 prodire
1151 2249 1178 2301 et
1196 2236 1246 2301 sub
1266 2240 1370 2303 eximio

263 2345 395 2409 caelestis
413 2343 520 2430 ingenii
538 2342 592 2407 Tui
610 2342 733 2409 candore
751 2355 781 2407 et
799 2344 868 2407 ostri
885 2342 938 2407 Tui
957 2344 1107 2429 splendore
1122 2366 1261 2430 apparere
1275 2348 1368 2433 gestit.

264 2452 357 2539 quidni
375 2472 445 2515 vero
464 2451 616 2535 imperator
635 2447 893 2533 φιλομουσότατος
912 2452 962 2515 nol
984 2452 1230 2535 θεοσεβέστατος,
1255 2455 1283 2518 in
1302 2452 1369 2517 Por·

263 2559 355 2647 phpro
372 2557 480 2621 Palatio
498 2570 575 2622 natm
594 2569 622 2621 et
640 2557 780 2641 extemplo
798 2580 919 2643 purpura
937 2557 1058 2633 indutos,
1087 2556 1286 2623 cardinaliciae
1306 2582 1370 2645 pur·

264 2688 354 2753 purae
371 2664 450 2729 Tuae
468 2666 553 2729 tecm
570 2675 599 2729 et
616 2663 785 2750 praesidinm
800 2688 856 2729 non
874 2664 1015 2730 ambit-etl
1053 2666 1136 2730 immo
1165 2666 1258 2749 quidni
1284 2666 1371 2753 impe·

266 2786 344 2840 rator
372 2772 643 2861 Porphprogenitus,
672 2770 749 2834 cuius
777 2772 907 2835 maiestas
936 2776 1094 2861 φιλολογλφ
1113 2786 1140 2836 et
1158 2774 1273 2837 scientia
1292 2768 1374 2858 ἇρχι-

266 2887 436 2968 τεκτονικῇ,
471 2900 553 2966 qnam
580 2889 620 2941 tot
649 2880 812 2959 βασιλικῶν
840 2878 1021 2942 voluminibus
1047 2880 1246 2965 exaggeravit,
1282 2882 1374 2967 magia

267 3012 349 3076 qnam
366 2988 452 3074 pallio
469 3004 611 3072 purpureo
629 2982 761 3047 decorata
778 2994 836 3058 est,
859 2981 930 3047 hune
948 3006 1056 3072 quoque
1073 2986 1213 3050 Musarum
1231 2986 1374 3072 regiarun

267 3096 353 3161 iatum
378 3094 525 3158 Minervae
551 3092 630 3156 'luae
658 3088 812 3156 aethereae
839 3090 940 3177 peplo,
969 3092 1025 3156 hoc
1044 3104 1085 3156 est
1103 3094 1375 3179 ἔγκνιλοιιαιδελας,

269 3202 445 3268 scientiarum
462 3223 497 3265 ac
513 3200 640 3265 uirtutum
657 3198 744 3273 orbe,
779 3197 879 3263 includi
905 3196 1094 3285 percuperet?
1126 3221 1187 3263 cum
1210 3203 1374 3283 praesertim

270 3309 346 3373 idem
363 3307 429 3371 hnic
445 3309 566 3393 principi
584 3321 675 3373 votnm
693 3304 775 3370 fuerit
793 3318 873 3392 atque
891 3306 1053 3371 Alexandro
1070 3326 1189 3392 magno,
1222 3306 1375 3391 τοῖςπερὶ

270 3414 309 3481 rol
322 3414 429 3499 ἄριστα
442 3415 609 3497 λμιιειρλαις
620 3420 734 3496 μᾶλλον
747 3410 769 3495 ἢ
782 3422 848 3490 ταῖς
862 3410 1008 3495 δυνάμεσι
1021 3412 1185 3497 διαφέρειν.
1225 3412 1292 3476 bino
1303 3414 1374 3499 opti·

190 3544 194 3551 ·
272 3525 325 3589 mie
343 3522 416 3588 coris
433 3543 488 3609 pro
504 3518 593 3586 salute
611 3521 720 3606 patriae
737 3520 854 3584 animum
872 3540 985 3605 semper
1003 3520 1124 3583 exercuit
1143 3528 1170 3581 et
1187 3518 1285 3595 stilum,
1305 3520 1375 3605 opti·
1408 3555 1412 3571 ·

273 3652 346 3695 mum
370 3627 480 3693 dicendi
504 3626 681 3714 magistrum,
711 3627 848 3713 siquidem
865 3626 901 3689 ad
919 3626 1069 3689 Romanum
1087 3622 1188 3701 filium,
1222 3627 1267 3709 qui
1285 3646 1376 3713 ragno

272 3747 390 3823 paterno
417 3735 548 3799 successit
565 3745 594 3799 ct
610 3734 735 3822 lingonis
751 3734 849 3799 ltaliae
866 3732 944 3820 regie
962 3730 1047 3796 liliam
1064 3730 1192 3806 bertam,
1221 3730 1377 3794 Eudoxiam

273 3852 373 3927 postea
391 3840 506 3917 dictam,
525 3861 640 3905 uxorem
658 3841 751 3917 duxit,
774 3842 873 3906 librum
891 3860 1047 3928 gemmeum
1064 3838 1189 3924 scripsit,
1209 3836 1238 3901 iu
1256 3858 1310 3922 quo
1329 3834 1377 3900 de·

274 3946 380 4031 scripta
397 3946 487 4011 inerat
503 3970 608 4016 summ
623 3948 706 4013 totius
723 3948 827 4014 Graeci
846 3945 969 4034 imperii,
1003 3956 1084 4031 pacta
1112 3944 1204 4009 omnia
1230 3944 1378 4016 sociorum,

274 4063 303 4117 et
320 4052 440 4119 bostium
458 4056 550 4130 vireu
572 4076 654 4142 quem
670 4056 774 4121 Veneti
793 4052 954 4138 φιλόκαλοι
971 4052 1046 4117 velut
1061 4048 1234 4126 thesaurum,
1256 4048 1379 4136 Egnatio

275 4156 458 4243 perhibente,
493 4162 521 4225 iu
549 4160 719 4227 bibliotheca
745 4186 796 4227 sna
825 4161 922 4226 sedulo
947 4169 1118 4224 conservant.
1164 4154 1238 4219 idem
1256 4154 1380 4221 Romano
