3067 4867
284 334 357 413 ned
643 346 1024 413 amnnuvuasronus

282 518 377 593 anot,
398 522 588 663 noncupata,
618 522 652 581 ut
672 525 720 582 est
740 520 821 601 apud
841 519 1011 585 cedrenum
1031 516 1071 580 ad
1092 532 1204 579 annum
1224 519 1268 577 20
1289 512 1374 576 d'on-

282 608 374 664 stant.
405 600 477 663 vide
523 602 675 683 rucopium
696 604 735 665 de
755 602 855 669 Aedii.
883 607 915 681 5,
943 602 1106 666 Eusebium
1135 599 1175 661 de
1203 600 1269 662 rita
1288 597 1373 661 Con-

281 684 408 747 stantini
426 687 447 746 4
466 690 517 764 61,
540 684 780 763 Phiiootorgium
802 692 894 764 213,
915 688 1037 751 Socrui.
1060 683 1223 763 Nicephor.

362 788 414 861 2⁷,
434 788 464 849 9.
507 782 631 863 γέφυρα
654 779 706 867 ἣν]
736 787 806 849 vide
826 788 1005 869 Procopium
1027 786 1065 847 de
1079 782 1180 846 Aedis.
1202 785 1268 846 53.
1288 780 1375 844 San-

282 866 369 947 garis
388 872 487 930 autem
508 864 617 929 duvios
627 868 718 931 Asiae
740 871 866 933 minoris
880 890 934 933 seo
948 869 1111 949 Phrygiae,
1130 866 1169 927 de
1190 884 1250 945 quo
1274 865 1375 927 multa

280 948 439 1031 Philippus
461 951 638 1014 disussacus
667 952 803 1016 innotis
825 955 865 1017 ad
886 952 1080 1016 Plutarchum
1111 950 1150 1011 de
1170 948 1373 1011 staminibus.

281 1038 413 1179 czeterum
435 1033 624 1113 epigramma
651 1036 736 1116 ponti
766 1036 836 1100 liudo
863 1036 1049 1118 adscriptum
1079 1035 1214 1095 refertur
1237 1031 1332 1093 etiarn
1351 1046 1377 1093 a

311 1134 409 1179 onara
429 1121 470 1178 16
488 1122 518 1182 ⁷.

365 1220 415 1291 28,
437 1222 468 1279 d.
522 1214 770 1301 Μαριανδυνοί]
802 1220 847 1283 sic
883 1218 1029 1283 scribitur
1064 1214 1143 1296 opud
1172 1212 1377 1295 Stephanum,

281 1298 473 1361 Eustathimu
505 1299 545 1362 ad
564 1300 683 1383 Perieg.
708 1308 739 1363 et
760 1303 841 1385 apud
863 1304 964 1367 alios·
993 1318 1155 1383 perperam
1176 1298 1209 1362 in
1230 1297 1321 1360 editis
1340 1304 1377 1358 et

280 1380 314 1446 iu
336 1402 397 1445 mss
417 1381 672 1465 Porphyrogeniti
686 1382 932 1464 Μαρααιδηνοί.
974 1382 1178 1459 Mariandynis
1199 1386 1299 1444 autem
1320 1398 1377 1443 re-

280 1466 334 1547 gio
355 1467 399 1529 sic
430 1466 512 1530 dicta
545 1466 604 1529 init
632 1486 652 1529 a
679 1467 811 1550 quodam
841 1468 1046 1545 Mariandyno
1077 1464 1238 1541 Aeoleosi,
1269 1471 1305 1526 ut
1325 1464 1375 1525 ait

281 1548 465 1630 Stephanus.
507 1550 613 1612 eadem
629 1552 736 1615 scribit
757 1561 789 1613 et
802 1553 979 1616 iiustatiius
999 1551 1038 1614 ad
1053 1549 1232 1630 Pericgetae
1253 1565 1283 1610 v·
1293 1550 1374 1609 781.

280 1632 460 1696 scholiastes
483 1651 557 1695 uero
578 1634 735 1715 Apollonii
763 1634 876 1699 Rhodii
898 1641 919 1697 2
941 1638 1003 1698 140
1031 1631 1251 1711 Mariandynus
1270 1630 1376 1693 dictos

279 1716 326 1779 eii
346 1706 408 1775 α’πό
426 1713 662 1795 Μαριανδυνοῦ
680 1710 753 1777 οἱοῦ
773 1713 969 1797 Κιμμερίου.
1355 1715 1364 1728 ’

362 1810 446 1880 ddici
467 1822 498 1879 7.
548 1816 682 1881 Galatae
708 1824 740 1891 et
774 1818 971 1896 Mariandyni
1002 1812 1260 1899 Porphyrogeniti
1289 1830 1377 1876 aero

281 1898 354 1961 dicti
374 1906 446 1963 sunt
469 1894 665 1965 dccccliurii
694 1902 837 1965 fortassis
860 1902 939 1983 quod
959 1902 1031 1965 irinc
1050 1897 1219 1963 ministerio
1244 1896 1375 1979 potissi-

278 2000 358 2047 mum
376 1982 490 2047 addicti
512 1991 624 2061 essent,
647 2002 701 2047 seu
723 1984 832 2049 otalii
855 1986 980 2061 volunt,
1010 1984 1090 2066 quod
1112 1982 1224 2045 milites
1244 1980 1374 2044 buccel-

278 2065 351 2128 larii
370 2065 442 2127 olim
469 2066 502 2128 in
524 2084 561 2129 ea
594 2066 721 2148 regione
739 2068 856 2132 tuenda
877 2068 1066 2132 excubarent
1084 2067 1117 2128 iu
1137 2062 1300 2145 praesidiis
1323 2062 1376 2125 lo-

279 2146 351 2211 cati.
392 2147 496 2211 hexic.
516 2149 627 2214 Graec.
650 2168 696 2212 ms
718 2152 797 2252 disp.
820 2138 1280 2226 ιο1.1062;1ἀλογραικιάἧ
1302 2144 1374 2204 τῶν

278 2229 512 2327 ξοοκιλλαρίιον
531 2225 633 2310 pcipe.
676 2223 706 2291 ci
727 2230 820 2293 αοτοί
838 2231 894 2293 καί
913 2224 1172 2311 Ἑλληνογαλάται
1191 2224 1375 2309 γράφονται

280 2334 300 2391 η
324 2304 539 2387 ὀνομάζονται.
581 2315 651 2376 vide
670 2315 799 2379 Sutidtcm
818 2334 849 2379 v.
870 2310 1099 2391 βοοκιλλάριοι.

363 2390 447 2460 tota
470 2402 519 2461 17.
560 2390 615 2475 τήν
641 2392 725 2476 Τίσι]
748 2399 842 2480 paulo
860 2398 944 2462 inira
969 2398 1047 2461 hanc
1068 2398 1164 2479 ipsam
1185 2394 1290 2473 urbem
1312 2412 1375 2474 ap-

279 2478 378 2561 pellat
396 2480 679 2564 Porpiyrogcnitus
701 2474 737 2540 τί
756 2471 869 2560 Τήϊον.
915 2482 962 2544 sic
984 2480 1064 2563 apud
1094 2480 1260 2561 scriptores
1279 2478 1376 2571 varie

243 2600 254 2625 t
281 2564 425 2627 scribitur
444 2584 552 2629 nomeu
574 2565 663 2628 huius
683 2564 785 2628 urbis:
806 2566 916 2646 quippe
931 2562 1012 2638 Τιὀς,
1031 2564 1113 2641 Ros,
1139 2559 1251 2639 Τιἰιακ,
1274 2558 1374 2637 Τηῖας

281 2655 311 2710 et
338 2640 433 2727 Τηΐου
450 2650 604 2713 scribitur.
657 2648 708 2730 qui
730 2666 805 2712 vero
826 2648 906 2711 hauc
926 2647 1030 2710 urbem
1052 2665 1118 2709 com
1138 2643 1275 2709 Amasim
1294 2661 1374 2705 oon-

280 2732 411 2794 iuudunt
430 2732 591 2795 admodum
614 2736 734 2796 errant:
756 2732 868 2813 quippe
887 2730 963 2794 'Iius
983 2731 1024 2793 ab
1047 2728 1181 2793 Amastri
1202 2727 1299 2789 distat
1321 2726 1372 2787 ri-

281 2813 359 2893 giuti
379 2813 508 2893 stadiis,
538 2821 573 2879 ut
590 2814 684 2878 habet
703 2814 880 2897 Stephanum
899 2813 1085 2891 Byzantius:
1116 2805 1146 2870 oi
1168 2802 1279 2879 πάντες
1302 2801 1370 2865 α’πί

284 2888 361 2956 Τίου
381 2894 427 2966 είς
438 2886 616 2976 Ἄμαστριν
635 2890 759 2959 στάδιοι
783 2890 891 2957 ιίκοσι.
934 2904 968 2960 at
987 2896 1164 2959 Marcianus
1183 2892 1374 2955 Heracleote

280 2980 312 3041 in
335 2980 405 3043 Peri
426 2982 475 3059 lo,
505 2983 585 3045 unde
605 2979 682 3046 daec
712 2980 855 3043 videntur
881 2980 1078 3062 deprompta:
1109 2970 1139 3037 oi
1168 2970 1281 3046 πάντες
1305 2966 1371 3033 ‘3²¹5

285 3060 359 3124 Τίου
382 3001 619 3144 ιίὲἈμαστρικ
636 3054 751 3125 στάδια
771 3054 832 3124 σιί.

364 3158 446 3227 idid.
470 3168 534 3261 1⁸·
560 3162 701 3261 Basilaei·
718 3162 931 3243 episcopatus,
951 3162 1008 3225 sub
1027 3160 1102 3224 sede
1122 3158 1286 3259 §noym
1307 3172 1375 3253 rne-

280 3244 1374 3411 itttt’..ttttt.⁰tt¹'tt.i¹3..t“.2“⁰tittit¹.t¹t.t⁰ttd⁰ti

241 3460 247 3475 .
279 3429 352 3475 uam
371 3410 555 3475 Consecrant
583 3432 612 3493 p.
636 3417 707 3475 1⁷1.

362 3516 413 3592 29,
436 3513 467 3577 ὅ.
508 3500 733 3588 ἀρχαιότατοι]
755 3509 833 3573 haec
852 3510 1070 3591 interpretatus
1091 3527 1158 3571 sum
1178 3502 1373 3569 cunvulen-

280 3595 341 3669 αίο,
361 3593 578 3661 stolidissima
608 3600 642 3659 ct
675 3596 955 3676 contemptissimo
981 3610 1063 3676 pens
1083 3596 1158 3657 est:
1179 3608 1286 3651 verum
1308 3583 1372 3664 rio·

279 3670 448 3755 χαίταισι
476 3680 556 3742 verti
577 3684 681 3761 posset
701 3678 793 3741 ctiam
818 3679 1043 3741 vetustissimo
1059 3692 1142 3756 pens
1162 3678 1237 3746 est,-
1256 3671 1374 3763 quippe

280 3762 320 3822 de
340 3760 589 3845 Paphlagonibus
610 3763 655 3826 ita
674 3762 861 3825 iustinianus
880 3760 1012 3823 Novella
1033 3752 1102 3822 xtt':
1133 3751 1167 3816 τί
1188 3756 1372 3850 Παφλαγο-

280 3862 342 3904 cour
362 3836 454 3915 ἔθνος
473 3839 608 3923 α’ρχαῑόκ
626 3864 660 3905 τι
681 3842 736 3903 καί
755 3840 812 3901 ocia
840 3837 1005 3918 α’κώνομον
1025 3834 1190 3919 καθιστάς,
1210 3834 1293 3899 α’λλα
1314 3854 1375 3897 το-

280 3924 392 3988 σοῦτον
412 3920 456 3998 τίς
469 3926 524 3985 καί
538 3921 683 3998 ἀποικίας
695 3924 835 4005 μεγάλας
854 3923 1013 4001 ἐκπέμψαι
1030 3925 1085 3983 καί
1107 3917 1166 3992 τὰς
1185 3919 1221 3981 ἐκ
1238 3918 1375 3987 Ἰταλοῖς

279 4010 457 4072 συνοικίσαι
476 4007 640 4090 Revertor,
671 4007 705 4071 dv
733 3998 785 4079 οἷς
806 4002 845 4086 δη
872 4001 927 4067 καί
943 4003 1094 4086 Ἀκσληΐπ
1119 4002 1211 4075 πόλις
1231 4001 1295 4063 τῶν
1316 3994 1375 4061 ἐπί

280 4093 334 4172 τῆς
354 4084 489 4171 ἑσπέρας
508 4091 640 4174 μεγίστη
652 4087 854 4177 κατῴκισται,
875 4084 930 4151 καί
939 4084 1108 4169 βασιλικὴν
1122 4082 1271 4159 πολλάκις
1280 4081 1375 4145 δίαι-

280 4195 336 4236 ταν
360 4172 522 4257 δεξαμένη.
