3067 4867
313 200 383 270 τοο
518 207 791 274 consumma
822 177 1185 273 noanrrsuocamn

310 362 454 441 φυλακαί
473 359 509 424 ίν
528 351 582 435 αἶς
598 357 675 434 κοάξ
694 367 771 443 παρ’
791 361 893 423 aizos
912 363 1178 440 βασανιζομένους
1199 359 1310 440 ἁγίους
1325 361 1400 426 lsa-

309 458 449 520 πάκλειεν
465 458 601 543 α’πηνάς.
643 456 811 524 άπόκτιτατ
824 449 868 524 'ot
891 461 945 523 sul
965 463 999 524 ἐν
1020 459 1107 547 crispi
1126 459 1171 544 τῷ
1194 458 1318 545 κάστρῳ
1343 463 1402 524 καί

311 552 329 617 o‘
350 551 438 638 άγτος
455 558 671 636 Ἀναστάσιος.

384 649 453 721 Ὅτι
473 655 507 721 τά
538 665 644 740 τεῖχος
670 659 726 722 τοῦ
746 657 891 723 τοιοάτον
914 653 1052 740 κάστροο
1075 650 1146 722 οὔτε
1170 659 1233 722 α’πά
1250 657 1400 743 βησάλοον

309 756 395 820 ἐστίν
414 758 593 837 insaniens
614 749 686 821 σάτα
705 753 770 821 α’πά
789 757 974 841 ἐγχορὴγου,
995 760 1064 820 ἀλλ’
1085 751 1147 823 άπά
1167 757 1268 822 λίθων
1286 749 1443 838 sarpa-5¹

310 855 450 918 ποάίκων
469 853 610 937 ἐχόντων
629 857 676 932 τίς
695 859 795 939 μῆκος
809 855 868 920 α’νά
890 855 1022 941 ὀργυιάς
1038 855 1077 937 α’,
1099 855 1249 931 πολλάκις
1267 860 1323 921 καί
1338 855 1400 920 α’νά

311 952 379 1034 δύο,
399 954 454 1018 καὶ
474 954 511 1018 τά
533 951 651 1032 πλάτος
672 955 734 1020 α’νά
759 957 892 1040 ὀργυιάς
911 960 999 1040 μιᾶς,
1022 959 1132 1031 οἵτινές
1152 957 1215 1022 εἰσι
1237 977 1402 1040 συνηρμο-

311 1057 422 1134 σμένον
446 1056 502 1119 κατ’
525 1056 746 1136 συνδεδεμένοι
778 1059 823 1131 εἰς
843 1055 997 1141 α’λλήλοος
1018 1053 1098 1136 μετά
1123 1053 1265 1140 actious
1285 1057 1321 1121 ἐν
1340 1077 1404 1137 μο-

313 1154 411 1242 λνβάην
437 1157 706 1237 ίγχολτασμίνοον.
747 1159 894 1221 ἵστανται
923 1157 958 1221 δὲ
980 1158 1036 1220 καί
1055 1157 1101 1230 εἰς
1121 1153 1155 1220 τά
1177 1159 1321 1220 τοιοῦτον
1341 1155 1403 1219 κά-

311 1275 408 1336 στρον
426 1251 482 1317 κατ’
500 1258 601 1331 κίονες
616 1257 737 1339 ποκνοί,
757 1253 882 1337 ἔχοντες
897 1254 1003 1320 ἐπάνω
1020 1259 1178 1340 κοσμίτας,
1200 1247 1445 1336 &solciaci-1⁰

311 1355 363 1414 λον
384 1346 402 1414 ά
422 1349 520 1429 αάτός
542 1352 693 1436 βασιλεάς
713 1353 938 1440 Διοκλητιανὸς
970 1351 1173 1439 εἱληματικάς
1201 1355 1323 1438 ἐγεῖραι
1345 1379 1403 1418 κα-

309 1451 504 1537 μάρας,,και“
522 1450 678 1518 σκεπάσαι
697 1451 733 1519 τά
754 1451 890 1535 κάστρον
909 1447 988 1540 άλον,
1011 1453 1065 1517 καί
1087 1456 1220 1537 ποιῆσαι
1241 1456 1279 1518 τά
1300 1451 1405 1518 παλά-

311 1575 366 1616 τια
389 1553 489 1617 αάτοά
520 1556 576 1616 καί
601 1554 704 1618 πάντα
735 1551 775 1618 τά
803 1551 958 1637 οἰκήματα
979 1553 1037 1619 τοῦ
1057 1553 1194 1634 κάστροο
1213 1552 1318 1618 ἐπάνω
1339 1559 1405 1618 τῶν

312 1649 488 1737 τὶλημάτων
508 1655 635 1718 ἐκείνων
656 1651 797 1739 διάροφα
815 1655 872 1718 καί
891 1649 1058 1739 τριόροφα,
1080 1649 1162 1716 άστε
1181 1651 1227 1734 μὴ
1245 1651 1352 1735 άλίγον
1368 1655 1405 1716 ἐκ

311 1755 367 1816 τοῦ
388 1753 488 1817 αάτοά
517 1750 655 1835 κάστροο
684 1753 852 1818 άσκίπασε.
895 1755 949 1818 τοῦ
979 1756 1015 1817 δὲ
1033 1751 1177 1818 τοιοάτον
1206 1751 1344 1835 κάστροσ
1368 1749 1402 1815 τά
1416 1763 1447 1814 15

312 1858 416 1934 τεῖχος
447 1843 521 1915 σάτα
544 1852 718 1937 περίπατον
740 1849 810 1950 ἔχοι
833 1847 907 1918 οὔτε
931 1855 1153 1937 προμαχῶνας,
1174 1852 1253 1919 άλλά
1278 1852 1405 1934 τοίχους

313 1950 430 2031 μόνους
452 1949 597 2034 άψηλοάς
619 1951 675 2016 κατ’
692 1951 817 2029 τοξικάς
837 1950 1061 2038 φωταγωγοάς.

389 2042 464 2115 'On
486 2047 522 2113 τά
544 2046 677 2134 κάστρον
697 2049 732 2115 τά
757 2049 986 2136 Τετραγγοάριν
1009 2047 1122 2134 μικράν
1143 2049 1211 2114 ἔστι
1237 2051 1346 2134 νησίον
1369 2051 1406 2114 ἐν

315 2153 354 2234 τῇ
374 2147 541 2237 θαλάσσῃ,
564 2148 638 2232 ἔχον
658 2151 715 2213 καί
735 2151 894 2234 τράχηλον
912 2149 971 2225 ἕως
991 2153 1047 2233 τῆς
1068 2154 1124 2232 γῆς
1144 2148 1334 2215 στενώτατον
1356 2148 1406 2212 δί-

316 2273 372 2332 κην
388 2251 561 2334 yspups'ou,
593 2253 626 2313 ἐν
656 2240 682 2334 ᾧ
704 2251 886 2331 διέρχονται
906 2247 934 2313 οἱ
958 2251 1172 2324 κατοικοῦντες
1200 2251 1244 2323 εἰς
1264 2249 1299 2312 τά
1323 2245 1449 2314 abacto

278 2342 283 2350 ’
315 2348 461 2433 κάστρον.
507 2346 736 2432 Τετραγγοάρτν
765 2351 801 2412 δὲ
830 2354 971 2412 καλεῖται
1003 2348 1057 2411 διά
1081 2348 1116 2412 τά
1139 2343 1222 2412 εἶναι
1243 2346 1322 2412 usito*
1345 2371 1404 2427 μτ-

314 2443 391 2530 κράν
420 2448 509 2531 δίκην
535 2442 716 2531 α’γγοοράνά.
757 2449 792 2512 ἐν
820 2449 856 2510 δὲ
883 2451 928 2535 τῷ
951 2442 1038 2533 αὐτῷ
1060 2443 1183 2535 κάστρῳ
1205 2442 1405 2512 άπόκεττωό

314 2543 405 2629 άγιας
422 2545 547 2632 μάρτορ
570 2548 770 2630 Λαορίντνος
793 2541 810 2609 ά
833 2545 1038 2630 άρχιδιάκων.

387 2737 453 2795 bso'
474 2732 541 2795 αὐτά
559 2740 685 2812 κάστρον
701 2741 731 2793 bl
820 2740 852 2794 λλ
872 2737 937 2797 ὅλον
955 2769 988 2783 -
1010 2739 1134 2809 κάστρου
1151 2736 1204 2789 add
1222 2737 1241 2788 B

318 2913 384 2965 olim
403 2910 556 2975 ennodius,
582 2913 611 2963 in
632 2927 698 2982 quas
716 2920 822 2964 sauctus
845 2912 999 2964 immaniter
1018 2928 1033 2962 a
1053 2929 1081 2964 se
1100 2911 1230 2963 cruciatos
1248 2911 1407 2980 compinge-

317 2983 373 3037 bat.
410 2983 439 3033 in
456 2983 550 3034 eadem
568 2999 631 3034 vero
651 2983 717 3034 urbe
737 2981 875 3052 depositus
894 2984 976 3034 ctiam
997 2983 1050 3033 luit
1067 2983 1093 3034 S.
1113 2982 1275 3033 Anastasius.

385 3053 477 3105 Murus
503 3061 593 3105 sutem
619 3053 699 3104 buius
719 3053 794 3103 urbis
812 3070 900 3122 neque
919 3072 952 3106 ca
972 3055 1055 3105 latere
1081 3061 1123 3104 est
1140 3067 1228 3121 neque
1248 3067 1281 3102 ex
1298 3047 1405 3102 encho-

319 3139 391 3191 sego,
409 3123 457 3176 sed
474 3141 508 3175 ex
525 3123 661 3192 lapidibus
678 3123 816 3194 quadratis
836 3125 916 3176 unius
933 3134 961 3176 et
979 3141 1057 3194 saepe
1077 3121 1187 3174 duarum
1201 3121 1324 3174 ulnarum
1342 3121 1406 3171 lun-

320 3194 445 3262 gitudine
463 3196 588 3246 etunius
606 3195 767 3256 latitudine,
790 3195 836 3264 qui
855 3196 1033 3264 coagmentati
1053 3195 1124 3246 inter
1141 3211 1169 3246 se
1187 3201 1250 3244 sunt
1265 3193 1406 3260 vinctique

318 3265 391 3317 l'erro
409 3267 440 3317 in
456 3265 597 3334 plumbum
608 3264 781 3333 liquefactum
794 3269 918 3334 impacto.
955 3267 984 3318 in
1004 3263 1097 3317 eadem
1110 3274 1199 3317 autem
1212 3263 1278 3314 urbe
1298 3271 1407 3314 erectae

320 3335 402 3387 etiam
424 3335 548 3387 visuntur
572 3335 713 3386 columnae
730 3337 901 3405 coauplures,
920 3353 1001 3406 super
1018 3351 1085 3406 quas
1102 3335 1245 3397 counitae,
1264 3331 1312 3384 ubi
1331 3333 1407 3384 idem

319 3407 468 3474 imperator
488 3405 672 3456 Diocletianus
690 3404 878 3458 aedificaturus
897 3417 954 3458 erat
972 3405 1101 3458 rotundos
1121 3405 1248 3468 fornices,
1262 3413 1407 3472 totamque

319 3476 562 3538 urbemtecturus,
591 3483 620 3528 et
636 3475 737 3546 palatia
763 3479 815 3528 sibi
839 3485 1023 3540 extructurus‚
1050 3493 1196 3546 omnesque
1221 3475 1294 3528 urbis
1322 3473 1409 3526 aedes

320 3563 401 3617 supra
418 3546 483 3599 lslos
504 3546 632 3599 rotundos
647 3549 773 3611 fornices,
791 3549 897 3616 gemina
918 3557 966 3602 aut
982 3548 1083 3617 triplici
1100 3547 1348 3608 concameratione,
1366 3545 1410 3596 iba

319 3625 424 3670 utnon
441 3619 563 3686 exiguam
580 3617 655 3670 urbis
674 3627 776 3689 partem
801 3621 961 3689 cooperiret.
997 3619 1103 3670 moenia
1121 3626 1210 3669 autem
1229 3617 1308 3668 buius
1331 3615 1409 3666 urbis

320 3688 501 3740 ambulacrum
528 3707 584 3742 non
602 3688 719 3753 habeut,
738 3707 827 3760 acque
869 3689 1065 3760 τοριιητιοσιιλα,
1083 3689 1132 3741 secl
1150 3687 1277 3742 sublimes
1298 3694 1410 3738 santum

319 3761 389 3811 muri
411 3767 481 3821 sunt,
502 3761 530 3810 in
549 3761 647 3832 quibus
666 3761 800 3812 fenestrae
822 3709 865 3812 aul
874 3761 1020 3814 emittenda
1041 3761 1136 3811 iacrrla.

391 3830 458 3882 Urbs
476 3831 683 3899 Tetrangurium
704 3849 783 3901 parva
804 3831 933 3902 qsaacslarn
955 3833 1067 3883 inmari
1086 3830 1174 3882 insula
1195 3838 1252 3892 est,
1271 3827 1410 3896 παρακλίτ-

321 3904 387 3954 sima
406 3902 514 3962 cervice,
533 3903 666 3970 ponticuli
687 3901 779 3964 instar,
800 3903 833 3952 acl
852 3912 947 3955 terram
968 3921 1052 3971 usquo
1072 3909 1208 3970 porrecta,
1230 3916 1283 3970 qua
1302 3898 1336 3950 ad
1356 3915 1412 3967 op-

320 3972 414 4043 pirlnm
426 3981 566 4024 transeunt
581 3974 693 4024 incolae.
731 3975 939 4038 Tetrangurium
952 3983 1040 4024 autem
1056 3973 1118 4025 urbs
1132 3973 1179 4022 illa
1196 3979 1314 4030 vocatur,
1333 3965 1411 4040 quosl

320 4061 402 4113 parva
423 4043 458 4094 sit
478 4043 564 4095 veluti
582 4061 712 4094 cucumer.
751 4045 780 4096 in
798 4045 892 4098 eadem
909 4063 971 4098 seru
993 4045 1059 4098 urbe
1073 4044 1211 4116 depositus
1224 4043 1276 4096 fuit
1293 4042 1320 4096 S·
1334 4056 1414 4094 suas·

320 4129 364 4181 tyr
387 4115 546 4169 Laurentius
567 4114 778 4169 archidiaconus.
