3067 4867
167 683 237 759 EX
261 678 509 759 BANDURII
529 675 598 753 DE
616 675 838 757 IMPERIO
861 672 965 755 SUO
987 674 1271 759 ORlENTALl

534 812 906 892 PRAEFATIONE.

253 988 348 1055 Prima
360 998 457 1075 parte,
478 987 509 1055 in
525 1008 581 1073 qua
597 984 635 1050 de
651 984 790 1051 diubione
807 987 1012 1073 provinciarum
1028 988 1140 1077 imperii
1157 989 1273 1059 Romani

168 1099 200 1165 in
225 1096 366 1173 themata,
392 1115 500 1159 ιιιιιιιοιι
527 1093 565 1159 da
588 1093 740 1181 prouinciis
757 1114 792 1157 ae
809 1092 921 1159 urbibus
944 1094 1105 1180 imperatori
1125 1098 1273 1185 cpolitano

168 1202 239 1267 olim
263 1202 411 1279 snhietatis,
438 1202 592 1267 continetur
619 1198 789 1265 Constantini
810 1198 1043 1289 Porphprogeniti
1061 1202 1135 1269 liber
1151 1227 1219 1271 unus
1237 1203 1276 1269 de

167 1306 335 1373 thematibus
351 1304 476 1373 Orientis
494 1318 523 1373 at
540 1306 612 1372 alter
628 1306 665 1371 de
682 1306 849 1373 thematibus
867 1306 1044 1385 Occidentis,
1075 1330 1183 1375 neonou
1207 1309 1273 1375 llie·

167 1413 255 1480 reelie
275 1412 450 1501 grammatici
471 1412 668 1501 Spneedemus.
720 1412 766 1479 his
784 1424 874 1479 antem
891 1412 998 1480 dnobus
1015 1416 1095 1481 libris
1114 1414 1274 1505 Porphyre-

168 1521 280 1609 genitus
307 1520 346 1585 ita
371 1518 496 1585 themna
521 1518 653 1585 describit
683 1518 772 1602 (olim
793 1522 896 1607 qnippe
914 1522 997 1607 dlpa
1013 1522 1088 1587 idem
1106 1522 1179 1609 quod
1196 1522 1275 1609 legio

168 1626 327 1702 diesbatur3
348 1624 451 1691 deinde
471 1624 590 1709 eluere
609 1624 767 1711 appellatae
784 1628 961 1746 provinciae,
984 1629 1012 1695 in
1031 1629 1128 1716 quihus
1146 1628 1276 1715 legiones

168 1734 200 1799 in
215 1732 367 1820 praesidiis
383 1732 495 1798 leuatae
512 1733 612 1813 aranu)
629 1744 658 1797 nt
674 1745 765 1797 terras
783 1731 811 1797 in
829 1734 926 1821 quihus
943 1735 1035 1817 locuta
1047 1736 1170 1809 inerunt,
1190 1734 1275 1799 adeo·

168 1860 226 1927 que
249 1836 367 1926 popalus
391 1838 490 1924 quihus
506 1838 609 1922 partim
625 1842 792 1960 eognomina
809 1862 861 1905 aua
878 1838 1048 1918 debuerunt,
1080 1841 1190 1905 insertis
1207 1841 1275 1905 anti·

168 1944 318 2031 pitnnbm
353 1944 613 2029 narrationibnsque
648 1946 736 2011 uariis
774 1956 980 2011 eommemoret
1037 1946 1111 2011 liber
1141 1948 1220 2032 prior
1248 1948 1277 2013 in
1366 1927 1374 1941 ⁵

168 2047 328 2114 Oriente
316 2073 338 2115 ι.
362 2072 391 2117 e.
419 2050 450 2115 iu
475 2048 546 2113 Asia
573 2070 634 2117 eum
657 2050 759 2116 minori
778 2062 835 2118 tum
852 2052 935 2117 etiam
952 2052 1068 2129 maiori,
1090 2054 1230 2141 posterior
1248 2052 1278 2119 in

169 2154 352 2221 Oenideute
342 2180 362 2224 ι.
382 2176 410 2221 e.
429 2156 459 2221 iu
474 2156 606 2242 Europae
622 2156 789 2243 pronioris,
820 2156 945 2227 'lbraoia
967 2159 1137 2225 Macedonia
1159 2157 1279 2225 Hellade

167 2260 365 2349 Peloponneso
383 2275 411 2328 et
427 2262 563 2329 nonnullis
580 2262 644 2330 aliis
661 2266 781 2352 imperio
800 2262 947 2352 Cpolitano
964 2264 1095 2331 subiectis
1112 2264 1198 2345 loris,
1217 2264 1278 2331 the·

168 2380 246 2434 mata
271 2369 470 2457 eompleotitnr.
526 2369 627 2437 horum
647 2370 772 2457 priorem
792 2372 941 2438 Vulonnius
961 2373 1066 2459 primus
1086 2373 1190 2461 puhliei
1212 2374 1280 2438 iuris

169 2474 239 2541 lecit
265 2498 305 2542 ex
330 2500 381 2541 sua
404 2476 592 2555 bibliotheca,
614 2478 714 2543 butino
731 2476 862 2543 versione
883 2490 912 2543 et
932 2479 1005 2545 uotis
1025 2478 1200 2545 brevioribus
1218 2478 1278 2543 illn-

169 2595 293 2661 etratuu,
309 2582 438 2669 Lugduni
450 2582 626 2661 Batavorum,
642 2606 696 2671 per
706 2584 884 2651 Franciseun
897 2584 1127 2673 Raphelongium,
1146 2608 1173 2651 e.
1186 2589 1278 2663 1888,

169 2692 202 2756 in
218 2695 250 2757 8.
293 2691 391 2757 iterum
408 2691 512 2777 prodiit
528 2690 605 2757 idem
621 2691 696 2758 liber
713 2713 776 2758 enm
793 2692 880 2757 variis
897 2691 1061 2757 lentioribus
1083 2690 1279 2758 emendationi·
1322 2676 1324 2683 ’

168 2797 225 2863 bus
246 2818 281 2861 ae
300 2795 497 2882 supplementis
518 2818 556 2863 ex
575 2790 618 2862 rna
635 2798 734 2863 oodioe
750 2798 860 2886 Regio,
882 2797 973 2863 studio
990 2820 1024 2864 uo
1041 2818 1130 2883 opera
1147 2796 1281 2863 Foderici

169 2902 304 2981 blerelli,
333 2902 362 2967 in
388 2902 521 2989 operibus
545 2902 716 2969 Constantini
734 2904 816 2971 editis
834 2904 954 2982 ibidem,
983 2926 1021 2971 ex
1041 2902 1152 2971 olh'uina
1168 2903 1280 2969 Elueui·

170 3013 272 3089 rinna,
294 3032 322 3074 a.
343 3010 494 3087 totum
511 3015 541 3077 8.
584 3011 703 3079 alterum
721 3034 793 3079 vero
809 3010 1045 3100 Porphprogeniti
1062 3010 1180 3090 librum,
1201 3010 1280 3076 nimi·

171 3140 235 3185 rum
261 3116 299 3183 da
325 3114 491 3183 thematibus
512 3115 688 3196 Oenidentie,
709 3118 786 3185 idem
802 3116 938 3185 Morellus
954 3118 1058 3203 primus
1076 3114 1163 3182 edidit
1180 3138 1217 3183 ex
1235 3138 1281 3182 co·

171 3226 238 3291 diae
252 3246 297 3289 ms
313 3222 505 3291 bibliothecae
521 3226 632 3313 Regiae
648 3246 711 3291 oum
726 3224 827 3291 tuine
845 3222 1075 3311 interpretatione
1093 3244 1128 3287 eo
1144 3222 1231 3301 notis,
1253 3223 1283 3289 iu

169 3329 309 3419 operibus
335 3328 521 3408 Constantini,
552 3332 664 3397 landate
686 3332 750 3398 loeo
767 3331 816 3415 *).
859 3330 932 3395 huno
949 3340 1041 3411 autem
1057 3338 1198 3417 utrumque
1215 3328 1284 3394 Por·

170 3437 356 3527 phprogeniti
373 3436 482 3515 librum,
502 3438 539 3503 ad
555 3438 743 3504 illustrandam
761 3458 822 3504 rem
839 3436 1018 3527 Bpaantinam
1034 3434 1282 3524 pernecessarium,

59 3626 63 3635 Ι
171 3544 305 3611 uelatum
322 3566 384 3608 omn
401 3545 500 3611 oodioe
516 3568 559 3609 ms
576 3546 669 3632 Regio
685 3544 853 3633 bombycino
871 3565 900 3610 ιι.
914 3544 1015 3623 2431,
1038 3556 1102 3609 ante
1119 3543 1285 3632 quingentos

171 3672 264 3715 annos
291 3649 405 3719 circiter
431 3651 553 3739 scripto,
589 3652 638 3717 hiu
664 3674 725 3716 enm
752 3666 848 3717 nostra
875 3650 976 3715 Latina
1003 3648 1232 3737 interpretatione
1256 3659 1285 3713 et

171 3751 462 3823 mimaduereionihns
479 3754 652 3819 emendatum
670 3776 705 3818 ae
721 3754 884 3823 illustratum
902 3758 1001 3822 iterum
1014 3755 1201 3843 proponimus,
1223 3773 1286 3841 spe·

172 3876 272 3931 rantes
290 3862 356 3926 inde
375 3861 479 3947 aliquid
496 3860 565 3927 lneia
583 3873 613 3927 et
629 3860 772 3929 hiatorieia
790 3874 819 3929 et
836 3861 1013 3953 geographis
1030 3882 1211 3928 anemurum,

243 4122 278 4190 ⁸)
312 4120 444 4175 Theman
461 4123 574 4190 utraque
590 4135 660 4173 nuno
676 4121 711 4177 ud
727 4120 787 4177 eod·
804 4119 891 4179 Puta.
903 4120 973 4193 Μ.
983 4118 1036 4179 854
1050 4118 1111 4191 (tot.
1127 4117 1284 4189 tos-tao)

171 4210 288 4269 eontulit
302 4210 445 4268 Eduardus
460 4209 578 4267 Simuos.
611 4212 635 4267 l.
652 4212 685 4267 B.
811 4200 818 4221 ⁸
