3067 4867
278 218 328 293 42
480 220 761 291 consulum]
787 220 1168 292 PORPHYROGENITI

502 379 537 449 ιζ’
556 380 634 452 θίμα
650 380 683 439 rai
701 380 874 467 καλούμενον
889 384 1005 456 Αἰγαῖον
1021 382 1151 455 πέλαγος.

258 490 264 509 ’
383 493 429 560 Τό
452 494 486 560 δέ
503 492 690 579 καλοάμενον
706 499 839 582 Αἰγαῖον
862 496 1008 584 πέλαγος,
1034 502 1085 564 καλ
1101 498 1175 565 αότό
1186 500 1375 585 χρηματίζων

279 599 322 675 είς
343 598 446 681 θέμα,
479 596 540 665 άπδ
560 600 682 685 Αἰγέως
700 606 756 667 τοῦ
776 602 971 679 Ποσειδῶνος
989 602 1059 669 olon·
1079 601 1135 687 τὴν
1158 604 1374 689 προσωνυμίαν
1458 633 1463 641 ’

276 698 383 785 ἔλαχε,
414 700 521 779 καθῶς
537 728 632 789 φασιν
648 702 678 768 oi
690 703 744 769 τόν
759 702 898 792 Ὅμηρον
917 702 1139 787 σχολιάσαντες.
1191 704 1246 771 οόκ
1260 704 1323 772 έστι
1340 708 1373 771 δέ

277 810 332 871 νῶν
348 806 437 890 χρεία
456 813 513 888 τῆς
530 802 711 891 Ἑλληνικῆς
734 807 870 894 ἱστορίας
891 808 943 873 διδ
966 807 1001 875 τδ
1025 805 1099 875 εἶναι
1121 806 1215 892 αὐτὴν
1236 807 1397 891 φεάόους6

274 908 517 993 μεμεστωμένην.
568 906 719 995 Στράβων
734 911 769 976 δὲ
781 906 798 975 5
812 907 990 999 γεωγράφος
1006 910 1106 989 ι’ίλλως
1121 910 1217 977 aimo
1232 910 1288 995 τὴν
1303 911 1373 978 ὀνο·

273 1014 390 1094 μασίαν
402 1012 555 1077 τέθεικεν·
586 1011 646 1079 ῶπό
666 1011 726 1100 γὰρ
738 1020 794 1097 τῆς
811 1012 908 1101 ἄκρας
922 1017 1088 1094 Αἰολίδος,
1112 1012 1150 1099 ἢν
1163 1011 1248 1099 Αίγα
1262 1015 1291 1079 oi
1306 1016 1372 1080 ὀπι-

273 1112 381 1201 χῶριοι
400 1113 615 1198 ὀνομάζουσιν,
646 1114 721 1181 ὅθεν
739 1114 756 1182 5
775 1117 957 1201 Αίγεατικδς
972 1116 1139 1204 ὀπάρχεται
1154 1116 1284 1197 κόλπος,
1317 1118 1374 1203 τὴν

274 1217 441 1301 ὀνομασίαν
456 1218 589 1306 εἰληφεν,
610 1215 779 1303 ὀμωνάμως
793 1226 838 1307 uqi
852 1218 928 1310 ζηλιρ.
979 1218 1091 1305 ὁμοίως
1104 1220 1138 1287 δέ
1159 1224 1210 1287 καὶ
1231 1218 1248 1285 5
1267 1222 1371 1308 Ἀρτε-

273 1325 408 1407 μίδωρος
425 1320 464 1387 τιλ
488 1319 566 1389 αότά
590 1347 666 1409 φησι
684 1330 727 1411 τῶ
740 1320 913 1408 Στράβωνα
963 1323 1044 1411 ἄκρα
1059 1350 1105 1402 τις
1117 1323 1198 1391 ἔστιν
1211 1326 1369 1405 Αλολίδος,
1379 1334 1414 1388 10

273 1424 314 1508 ἢν
328 1422 412 1511 Αίγα
429 1425 459 1490 οἶ
479 1423 634 1512 έπιχῶριοι
656 1422 865 1508 ὀνομάζουσιν,
895 1426 954 1514 ἀφ’
978 1419 1016 1512 ἧς
1038 1430 1090 1493 καί
1109 1427 1144 1494 al
1167 1428 1296 1513 πέλαγος
1314 1428 1371 1513 τὴν

272 1526 416 1611 τοιαύτην
430 1528 597 1611 ὀνομασίαν
608 1532 820 1617 προσείληφεν.
870 1531 1019 1608 Αἰολίδος
1039 1532 1073 1596 δέ
1088 1532 1165 1615 λέγω
1189 1532 1243 1595 οὐκ
1260 1530 1371 1608 ἔθνους

272 1630 450 1714 ὀνομασίαν,
471 1630 551 1698 ἀλλὰ
568 1630 703 1717 γλώττης
720 1634 842 1715 ἰδίωμα.
893 1630 915 1714 ἦ
930 1632 989 1722 γὰρ
1007 1640 1067 1701 τῶν
1079 1630 1236 1717 Ἐλλήνων
1249 1640 1370 1718 γλῶττα

257 1736 315 1811 ἐίς
336 1736 423 1801 πέντε
446 1736 623 1814 διαλέκτους
645 1730 804 1824 διῄρηταί,
839 1733 963 1824 πρῶτην
987 1738 1042 1820 μὲν
1063 1736 1119 1821 τὴν
1143 1744 1199 1821 τῆς
1216 1737 1370 1817 Ἀτθίδος,

272 1840 417 1926 δευτέραν
438 1838 493 1923 τὴν
510 1835 638 1919 Ἰάνων,
668 1840 773 1926 τρίτην
795 1841 829 1905 δέ
847 1840 904 1923 τὴν
917 1841 1067 1920 Αίολέων,
1099 1836 1245 1928 τετάρτην
1264 1842 1297 1905 δέ
1311 1840 1368 1925 τὴν
1378 1848 1411 1903 15

271 1942 427 2029 Δωριέων,
452 1941 590 2026 πέμπτην
604 1942 639 2007 ὀί
652 1943 708 2026 τὴν
723 1940 835 2025 κοινήν,
861 1934 883 2029 ᾗ
899 1942 1008 2021 πάντες
1021 1941 1185 2031 χρώμεθα.
1236 1945 1286 2009 καὶ
1307 1944 1368 2009 ἀπὸ

269 2038 326 2129 μέν
342 2051 398 2128 τῆς
411 2043 557 2128 Μιλήτου
569 2044 660 2133 μέχρι
676 2050 730 2129 τῆς
748 2046 902 2133 Ἐφεσίων
922 2044 1038 2124 πόλεως
1052 2050 1104 2112 καλ
1118 2046 1213 2129 αότῆς
1226 2042 1370 2133 Σμάρνης

270 2150 322 2212 καί
333 2150 524 2233 Κολοφῶνος
534 2144 651 2213 Ἰῶνων
665 2148 729 2213 ἐστὶ
744 2150 899 2229 κατοικία,
925 2151 1030 2227 ολτινες
1042 2156 1081 2237 τῇ
1093 2157 1154 2215 τῶν
1166 2146 1283 2215 Ἰάνων
1298 2153 1369 2218 δια-

271 2250 365 2339 λέκτῳ
374 2254 528 2336 χρῶνται·
563 2250 623 2316 ἀπὸ
646 2250 681 2315 δὲ
698 2252 886 2337 Κολοφῶνος
904 2254 992 2337 μέχρι
1014 2256 1217 2336 Κλαζομενῶν
1239 2256 1290 2317 καί
1312 2258 1368 2338 τῆς

269 2352 432 2441 ἀντιπέραν
444 2358 499 2436 τῆς
511 2356 594 2419 Χίου
609 2359 665 2439 γῆς
678 2355 729 2419 καὶ
744 2354 838 2440 αὐτῆς
853 2362 908 2440 τῆς
924 2355 1106 2441 Μιτυλήνης
1117 2358 1168 2422 καλ
1181 2362 1237 2421 τοῦ
1252 2362 1365 2421 καλου·
1374 2364 1411 2419 20

269 2458 361 2541 μένου
376 2454 545 2544 Περγάμου
562 2458 702 2524 Αἰολέων
715 2458 796 2524 ἐστίν
811 2458 933 2525 ἀποικία
940 2507 951 2538 ,
977 2461 1083 2537 οἵτινες
1102 2458 1248 2550 διαλέκτῳ
1264 2466 1367 2549 χρῶν-

339 2660 353 2711 1
369 2651 447 2720 θέμιν
461 2651 576 2723 αἰγαίοα
591 2647 729 2719 πελάγους
745 2648 981 2707 ἑπτακαιδέκατον
997 2654 1021 2707 G
1129 2654 1148 2707 4
1164 2652 1366 2741 σγολιογριιφή-

336 2740 434 2784 σαντες
451 2724 473 2775 Α
575 2722 593 2775 5
610 2720 664 2775 νῦν
679 2739 721 2775 om
740 2722 764 2773 0
856 2725 873 2776 6
889 2722 941 2791 τὴν
954 2719 1108 2790 ὀνομασίαν
1124 2716 1213 2785 ἄλλος
1230 2726 1321 2778 αυτοῦ
1341 2726 1365 2778 C

336 2796 353 2849 7
370 2788 531 2844 άντέθεικεν
546 2792 595 2843 AV
683 2793 717 2847 10
734 2787 767 2845 τό
785 2787 856 2847 αότό
875 2793 899 2845 C
981 2800 1012 2851 11
1031 2791 1060 2846 ολ
1077 2790 1235 2861 ἐπικαίριοι]
1252 2791 1324 2854 τινὲς
1341 2796 1365 2847 (l

336 2863 370 2918 15
385 2856 439 2927 τὴν
455 2862 512 2912 τῶν
528 2857 620 2912 ἰαίνων
637 2858 686 2911 AV
756 2863 790 2915 18
806 2860 937 2929 δαιμονίων
954 2860 977 2913 0
1045 2862 1081 2918 20
1095 2860 1268 2929 καλουμένου
1286 2864 1365 2917 oruV

334 2936 367 2986 21
384 2932 514 2985 κατοικία
529 2928 658 2983 ΑΜοεοΙΙί
675 2938 704 2983 et
719 2929 743 2982 C

466 3100 567 3155 nomn
583 3100 712 3154 alonim
727 3101 869 3171 aeptimum
884 3102 1022 3171 Aegaeum
1037 3102 1166 3171 polagus.

333 3207 464 3289 Aegaeum
481 3221 545 3257 vero
563 3202 671 3287 polagus
687 3202 767 3256 elium
783 3202 870 3285 iprum
885 3202 955 3256 inter
970 3202 1084 3286 alumnia
1098 3201 1367 3324 relatum,·ab·rle}peo

263 3276 384 3344 Neptuni
401 3274 456 3357 lilro
473 3272 672 3342 appellationem
690 3288 763 3325 auam
781 3280 891 3341 aucupii,
912 3278 942 3324 nt
957 3280 1032 3354 urunt.
1047 3288 1068 3325 rr
1085 3288 1131 3355 qur
1146 3271 1247 3326 aoholra
1262 3290 1289 3325 m
1333 3291 1364 3325 n-

264 3340 769 3467 lzlllllllllnlllallil
786 3340 1368 3530 :llglsslltlllllllllzlnllll

848 3479 856 3494 θ

262 3484 384 3549 derivat,
409 3479 538 3549 aiquidam
555 3495 572 3531 a
588 3480 766 3549 promontorio
783 3482 838 3533 Aao
848 3480 914 3545 odia,
939 3478 1010 3546 quod
1026 3478 1113 3531 incola
1132 3480 1204 3547 Aega
1220 3480 1364 3549 appellant,

263 3554 333 3606 unde
351 3550 508 3620 Aegeaaieua
522 3550 596 3603 ainua
612 3548 715 3601 initium
731 3548 825 3616 sumit,
842 3546 882 3601 ita
897 3548 994 3602 dietum
1012 3556 1069 3615 eat,
1086 3548 1215 3601 cummuni
1230 3566 1288 3601 oum
1305 3548 1366 3601 aui-

261 3622 325 3675 mali
343 3618 526 3691 appellatione.
559 3618 677 3672 alaudem
694 3626 737 3671 eet
752 3634 783 3670 aa
800 3618 898 3671 Strabo
912 3616 1060 3670 sententiae
1077 3617 1155 3671 etiam
1171 3616 1362 3672 Artemidorus.

261 3688 466 3760 promontorium
483 3687 612 3757 quoddam
629 3695 671 3739 eet
686 3685 811 3753 Aeolidia,
829 3685 899 3755 quod
914 3686 989 3755 Aega
1004 3684 1107 3739 incolae
1121 3685 1263 3757 appellunt,
1280 3702 1360 3755 aquo

262 3768 291 3813 at
315 3758 423 3828 pelagua
447 3756 573 3809 eiusmodi
596 3754 797 3827 appellationem
819 3756 932 3824 auoepit.
978 3754 1095 3809 Aeolidis
1117 3763 1203 3809 autam
1225 3756 1286 3808 dico
1307 3772 1361 3809 uon

281 3828 349 3882 entia
366 3825 581 3896 appellationem,
604 3826 651 3879 aad
667 3825 774 3893 linguae
789 3825 992 3907 proprietatem
1010 3826 1170 3878 Graecorum
1186 3823 1255 3877 anim
1271 3825 1362 3893 lingua

260 3916 288 3951 an
306 3898 422 3967 quinqua
438 3893 566 3949 dialecton
581 3894 666 3948 (livien
682 3902 738 3961 eat,
761 3910 870 3963 prumam
888 3894 993 3964 quidem
1009 3893 1138 3962 Atticam,
1162 3892 1269 3947 alteram
1285 3893 1359 3947 loui-

260 3984 326 4032 eam,
342 3964 447 4018 tertiam
460 3964 600 4031 Aeolicam,
618 3972 736 4035 quarum
746 3962 879 4031 Doricam,
893 3963 1009 4032 quintam
1025 3980 1193 4031 communem,
1208 3980 1261 4033 qua
1272 3979 1361 4017 omuea

259 4035 364 4089 utimur.
399 4032 474 4103 atqui
499 4032 623 4086 aMiletu
641 4032 745 4101 qnidam
759 4031 896 4103 Epheaum
918 4050 1002 4101 uaqne
1019 4042 1047 4085 et
1067 4034 1205 4101 Smyrnam
1229 4033 1311 4103 ipeam
1334 4038 1362 4085 ai

259 4104 454 4173 Colophonem,
477 4102 568 4155 lonum
592 4109 633 4154 ael
657 4102 735 4155 aedae
751 4100 913 4165 cuculonia,
937 4102 983 4170 qui
1009 4102 1113 4171 quidum
1136 4102 1227 4155 lunum
1248 4100 1361 4155 dialecto

258 4182 376 4227 utuntur.
419 4188 436 4225 a
452 4170 606 4241 colophona
622 4178 708 4225 autem
724 4186 808 4239 uaque
824 4172 857 4225 aul
875 4170 1054 4237 Clazomenae,
1072 4179 1100 4223 ot
1116 4178 1190 4225 trans
1208 4170 1300 4223 Chium
1319 4178 1360 4223 at·

259 4258 312 4312 qua
328 4241 412 4315 ipaam
428 4239 579 4311 Mitylenen
601 4248 631 4295 et
645 4240 814 4311 Pergamum,
843 4238 952 4297 Anulum
973 4248 1016 4295 eal
1038 4236 1158 4308 colonia,
1187 4238 1232 4311 qui
1256 4239 1362 4310 quidem
