3067 4867
199 361 239 424 lii
270 358 539 425 consuluntur
569 360 719 425 PORPH.
748 362 804 423 Dii
830 361 956 425 Tum.
983 362 1059 425 ΗΒ.
1120 360 1189 433 291

99 532 177 595 urhe
199 530 353 597 'l'hraciae
373 534 418 597 lta
439 539 635 615 nuncupata,
664 533 704 595 rlc
730 550 792 615 qua
816 532 991 599 llcrolotas
1017 535 1194 620 Manu

100 616 216 698 aliique
238 617 413 699 loquuntur.
455 618 539 681 hicn.

184 720 241 796 lc,
261 722 292 781 7.
336 712 505 799 Φίλιπποι]
534 715 668 780 merocli
699 720 731 777 et
752 714 825 779 aliis
846 714 926 781 hece
956 718 1026 803 ipsa
1043 720 1118 783 urhe
1133 716 1193 781 Φί.

98 799 212 871 λιππος
234 800 359 863 dicitur.

178 894 260 963 litu
269 903 301 963 8.
342 900 403 962 Pro
421 890 605 975 Κμιμόνεου
620 898 783 983 legentum
797 918 864 963 csse
879 892 1083 977 Aipupeo'noo
1103 920 1192 967 nemo

92 1002 158 1047 nun
176 982 270 1048 vilet
312 982 358 1047 ita
377 989 480 1045 monet
500 990 531 1044 et
546 982 704 1046 hlorellus.
747 982 905 1047 liicrocles
926 984 1050 1047 tertiam
1062 986 1190 1067 prouin-

92 1066 174 1131 ciam
194 1084 250 1129 scu
280 1067 383 1150 potius
401 1068 624 1149 praefecturam
654 1066 809 1130 'l'hrsrlae
836 1066 932 1150 ponit,
953 1074 1095 1151 quartam
1114 1086 1190 1132 vero

88 1140 294 1229 'Epcrprtietcu,
314 1148 366 1213 uhi
394 1166 451 1232 pro
469 1143 655 1227 'Epopo'vroo
682 1150 844 1233 legendum
867 1150 987 1235 quidem
1018 1158 1065 1213 cst
1089 1144 1191 1227 Aipu-

93 1228 222 1307 pniscoc.
265 1233 298 1295 in
317 1232 455 1297 Thracia
475 1232 588 1315 quippe
608 1232 666 1297 fuit
688 1241 719 1295 et
731 1232 926 1299 Haemimons
947 1242 979 1296 ct
997 1234 1190 1297 Haemimon-

93 1322 176 1379 tum:
198 1314 276 1379 illul
297 1316 416 1399 pridem
437 1314 590 1379 Thraciae
616 1322 766 1392 montem,
788 1318 847 1381 hoc
870 1331 945 1383 vcro
966 1318 1120 1381 Thraciae
1139 1335 1191 1380 rc-

92 1400 215 1482 gionem
236 1400 371 1463 denotat.
414 1398 491 1463 haec
510 1400 597 1481 regio
620 1406 698 1463 teste
717 1400 879 1465 Ammiano
898 1400 992 1465 hahet
1016 1400 1189 1465 llarlriano·

133 1484 187 1545 lim
220 1489 252 1544 ct
272 1482 442 1547 Anchialnu
497 1493 618 1546 racter‘
635 1491 755 1548 ceteras
776 1484 877 1549 urhes.
932 1484 971 1546 ‹lc
992 1486 1189 1565 praefectura

90 1502 295 1629 fficm'mnnti
316 1566 360 1629 ita
381 1566 461 1649 legit
494 1584 541 1629 ac.
562 1564 703 1629 Cuiacius
723 1574 741 1631 1
758 1568 831 1631 (ihs.
846 1574 889 1631 Μ
901 1566 938 1633 (l.
980 1568 1020 1629 ne
1038 1570 1186 1651 appellat.

91 1656 122 1711 et
142 1650 272 1713 consult.
300 1650 322 1713 l.
346 1654 409 1712 23:
441 1666 514 1711 crena
542 1646 725 1731 oppellono
757 1652 955 1735 interpositu
982 1646 1090 1730 fucrit
1124 1665 1189 1735 per

90 1728 278 1817 Bithpnrtnnr
308 1730 561 1815 Pcphtcpcnicna
588 1728 728 1815 Lydium
756 1728 1024 1817 Hellespontian,
1057 1732 1189 1799 inanius

90 1820 191 1881 etiarn
211 1821 245 1879 et
266 1812 440 1899 Phrppimra
468 1814 669 1895 salutarem,
696 1812 864 1899 Emopnnr
890 1824 925 1881 et
953 1812 1131 1900 Rhodopen
1153 1820 1188 1881 et

90 1896 365 1977 commoneor,
384 1896 620 1983 praefecturae
641 1897 737 1963 totos
764 1898 859 1964 urhis
878 1900 1035 1965 iudicium
1053 1916 1187 1964 oncrum

90 1980 283 2065 appellator
313 1980 473 2047 observet.
527 1982 567 2044 ad
601 1984 686 2045 euius
714 1983 795 2063 legis
825 1991 856 2046 et
883 1986 1016 2047 aliarum
1037 1983 1186 2046 eiusmorli

88 2074 220 2130 mentem
243 2068 467 2149 percipiendam
491 2066 559 2149 quis
581 2082 643 2127 nou
664 2066 756 2142 videt,
787 2066 886 2150 inquit
907 2068 1068 2140 Metellus,
1088 2084 1186 2149 quau·

89 2159 154 2213 tam
180 2152 279 2213 locem
308 2152 465 2231 praeferat
494 2148 575 2212 icturi
604 2148 799 2212 Constantini
833 2150 1001 2233 scriptum?
1051 2158 1186 2213 ceterum

89 2252 154 2297 non
178 2252 226 2296 me
246 2234 323 2297 latet
345 2234 519 2296 hlirnautem
545 2237 677 2295 montem
700 2249 820 2315 quoquc
841 2252 909 2297 esse
930 2236 963 2297 in
985 2232 1130 2312 Thracia,
1150 2238 1185 2295 ut

88 2324 138 2380 est
159 2316 241 2397 apul
262 2316 403 2380 Ouidium
426 2318 499 2379 ittet
511 2322 541 2397 2,
557 2315 684 2379 Sullam
704 2323 736 2376 et
749 2315 967 2399 Aristophanis
988 2316 1184 2379 scholiastem

86 2402 117 2463 in
139 2400 298 2465 Nuhihus:
329 2417 435 2463 verum
455 2398 594 2463 Mimanti
622 2405 676 2461 aut
696 2399 854 2462 hlimantis
883 2404 1097 2482 praefecturae
1116 2400 1185 2461 nul·
1296 2458 1300 2463 .

87 2484 164 2559 libi,
193 2484 273 2566 quod
296 2482 399 2563 sciam,
420 2484 531 2546 mentio
552 2482 705 2558 occurrit3
738 2484 819 2544 uncle
838 2501 895 2563 pro
917 2475 1106 2561 Kprpcinoo
1128 2500 1184 2544 nc·

84 2566 225 2631 cessario
248 2567 411 2649 legendum
429 2574 502 2649 puto
526 2558 741 2637 Aipetpeo'scoo.

172 2646 257 2714 fcta
315 2645 422 2719 πόλεις
462 2646 513 2727 ἓξ]
566 2654 599 2709 at
630 2646 722 2710 urhes
753 2646 884 2729 quinque
923 2652 1041 2711 mutum
1076 2664 1184 2711 recen.

83 2736 210 2797 serrum:
244 2734 324 2797 uuile
354 2732 518 2815 legendum
546 2737 615 2811 cst,
635 2736 669 2793 ut
697 2730 780 2813 apud
805 2730 994 2811 hieroclem,
1023 2724 1131 2805 πόλεις
1159 2720 1183 2789 a'

82 2836 143 2898 llo
164 2818 254 2981 ⁸[gilini
277 2922 307 2980 9.
349 2906 517 2995 Δεβελτός]
567 2932 729 3061 perperam
749 2910 907 2977 Hierocles
932 2912 1014 2995 apurl
1037 2912 1183 2981 carolum

575 3017 616 3082 pu

81 2998 160 3063 aS.
184 3000 280 3063 Paulo
298 2997 465 3077 Διβέρτιος
497 3004 529 3061 et
555 3016 575 3063 a
671 2996 861 3060 llolsteniuru
887 2992 1055 3075 Διρὲρτιος
1089 2998 1183 3061 hahet

80 3100 140 3163 pro
151 3075 316 3163 Δεβελτός,
337 3090 369 3145 et
386 3074 534 3161 Ἀχίαλος
555 3101 614 3165 pro
633 3076 809 3159 Ἀγχὼλος,
829 3080 874 3141 uti
892 3079 1005 3160 optimc
1025 3080 1106 3143 idem
1121 3078 1182 3145 Ca-

81 3166 171 3227 rolus
191 3172 287 3229 notat
308 3166 380 3230 vide
401 3166 564 3243 ortelium
585 3182 656 3228 nam
680 3182 759 3247 quac
779 3163 830 3226 hic
849 3162 998 3227 lilorcllus
1017 3170 1121 3228 monet
1141 3181 1182 3228 cx

81 3248 206 3313 (irtelio
227 3248 397 3332 exscripsit.

166 3344 254 3413 llll.
298 3343 568 3490 chcctuincirpp
589 3347 764 3413 Ptnluncc
786 3352 819 3409 et
837 3344 993 3411 Antonino
1024 3344 1102 3411 haee
1125 3366 1179 3413 ca·

80 3430 152 3497 ciem
175 3432 253 3495 urbs
274 3430 385 3496 dicitur
409 3432 540 3495 Hlarus
560 3433 657 3504 nolte.

166 3528 252 3597 fcta
300 3526 442 3612 Τζόϊδος]
474 3532 631 3595 Hierocles
656 3524 789 3609 Τζοΐδης
816 3527 918 3592 hahet.
960 3536 995 3593 at
1014 3528 1101 3593 urhis
1120 3528 1178 3593 hu-

78 3615 166 3678 iusce
189 3616 319 3679 nominis
339 3616 444 3696 nulla,
465 3616 546 3698 quorl
566 3614 677 3695 sciam,
702 3613 815 3675 mentio
837 3612 919 3694 apul
940 3612 1107 3694 scriptorea
1124 3630 1178 3675 oc-

76 3699 188 3762 currit
230 3698 397 3763 inauditum
417 3716 536 3779 nomen,
558 3696 657 3781 lnquit
674 3696 840 3761 lliorellns:
860 3696 995 3777 nmquid
1007 3696 1175 3761 Taurulnm

77 3783 129 3845 rel
154 3782 306 3845 zerulum
327 3782 481 3846 Thraciae
510 3787 565 3844 aut
590 3782 739 3845 Tunrllus
772 3776 911 3843 sulcet
959 3774 1073 3843 morto
1095 3796 1177 3845 nunc

76 3864 141 3929 clici
164 3864 295 3929 (husius
315 3865 479 3945 contendit,
501 3864 707 3927 Leuuclavius
728 3858 833 3927 zoctt.

163 3946 247 4014 llic
270 3956 321 4013 10.
363 3944 504 4029 ἐπαρχία
526 3941 665 4029 Θρᾴκης]
709 3948 748 4009 ah
770 3943 911 4007 llierocle
932 3942 1012 4027 apud
1028 3944 1174 4010 Canium

74 4030 155 4095 as.
180 4033 276 4096 Paulo
304 4032 398 4097 urhes
425 4036 542 4094 tantum
574 4036 719 4113 poncoor
749 4034 964 4108 mentor,
990 4046 1032 4093 ex
1063 4026 1173 4111 quitos

73 4114 158 4178 luae
190 4116 321 4180 diuersis
353 4114 543 4193 nourinihus,
568 4115 710 4177 nimirum
738 4112 975 4195 Philippopolis,
995 4114 1095 4174 llerorr
1117 4124 1172 4176 cett

72 4196 197 4279 Buce,
228 4198 501 4281 Diocletianopolis
527 4203 559 4261 ct
586 4194 816 4279 solempnia
846 4212 926 4279 punc
955 4195 1075 4277 quilcm
1092 4194 1173 4258 ‹luac
